symbol,isin,trade_date,exchange,segment,series,trade_type,quantity,price,trade_id,order_id,order_execution_time
CASTROLIND,INE172A01027,2021-04-01,NSE,EQ,EQ,buy,105.000000,124.050000,2333025,1000000005631488,2021-04-01T12:45:52
CASTROLIND,INE172A01027,2021-04-01,NSE,EQ,EQ,buy,1.000000,124.050000,2334962,1000000005631488,2021-04-01T12:46:08
CASTROLIND,INE172A01027,2021-04-01,NSE,EQ,EQ,buy,217.000000,124.050000,2334963,1000000005631488,2021-04-01T12:46:08
CASTROLIND,INE172A01027,2021-04-01,NSE,EQ,EQ,buy,77.000000,124.050000,2353336,1000000005631488,2021-04-01T12:48:26
IRCON,INE962Y01021,2021-04-01,BSE,EQ,A,sell,500.000000,89.950000,33548800,1617250449812132495,2021-04-01T13:36:55
PNB,INE160A01022,2021-04-01,NSE,EQ,EQ,sell,1400.000000,37.750000,53018484,1200000006185051,2021-04-01T14:19:19
THANGAMAYL,INE085J01014,2021-04-05,NSE,EQ,EQ,buy,41.000000,582.100000,76466950,1300000002937059,2021-04-05T10:07:29
THANGAMAYL,INE085J01014,2021-04-05,NSE,EQ,EQ,buy,13.000000,582.100000,76469852,1300000002937059,2021-04-05T10:07:37
THANGAMAYL,INE085J01014,2021-04-05,NSE,EQ,EQ,buy,46.000000,582.100000,76784466,1300000002937059,2021-04-05T10:20:36
ONGC,INE213A01029,2021-04-05,NSE,EQ,EQ,buy,1000.000000,100.050000,51826792,1200000005694519,2021-04-05T10:57:28
COALINDIA,INE522F01014,2021-04-05,BSE,EQ,A,buy,70.000000,128.250000,3122000,1617593400056457733,2021-04-05T11:03:55
SBIN,INE062A01020,2021-04-05,NSE,EQ,EQ,buy,200.000000,351.050000,77403496,1300000006192141,2021-04-05T11:03:57
COALINDIA,INE522F01014,2021-04-05,BSE,EQ,A,buy,350.000000,128.250000,3125200,1617593400056457733,2021-04-05T11:04:08
SBICARD,INE018E01016,2021-04-05,BSE,EQ,A,buy,70.000000,923.000000,31020600,1617600262444106585,2021-04-05T11:13:02
HCLTECH,INE860A01027,2021-04-05,NSE,EQ,EQ,sell,25.000000,1029.800000,28865806,1100000002422391,2021-04-05T13:38:24
ONGC,INE213A01029,2021-04-06,NSE,EQ,EQ,sell,900.000000,104.200000,51883365,1200000006437420,2021-04-06T11:31:13
ICICIBANK,INE090A01021,2021-04-06,NSE,EQ,EQ,buy,3.000000,565.050000,28088560,1100000011078372,2021-04-06T13:41:54
ICICIBANK,INE090A01021,2021-04-06,NSE,EQ,EQ,buy,97.000000,565.050000,28089098,1100000011078372,2021-04-06T13:41:58
RELIANCE,INE002A01018,2021-04-06,NSE,EQ,EQ,buy,10.000000,1972.500000,78481229,1300000012300993,2021-04-06T13:42:13
TVSMOTOR,INE494B01023,2021-04-06,NSE,EQ,EQ,buy,40.000000,570.200000,78521039,1300000012384964,2021-04-06T13:46:19
HDFCBANK,INE040A01034,2021-04-06,NSE,EQ,EQ,buy,32.000000,1435.200000,28140193,1100000011144294,2021-04-06T13:47:00
CASTROLIND,INE172A01027,2021-04-06,BSE,EQ,A,buy,200.000000,124.050000,4561200,1617679800027569022,2021-04-06T14:15:24
SBIN,INE062A01020,2021-04-06,BSE,EQ,A,buy,200.000000,350.100000,6357800,1617679800034760314,2021-04-06T15:01:23
AMARAJABAT,INE885A01032,2021-04-07,NSE,EQ,EQ,buy,12.000000,843.100000,5163128,1000000018261604,2021-04-07T14:13:01
AMARAJABAT,INE885A01032,2021-04-07,NSE,EQ,EQ,buy,11.000000,843.100000,5163726,1000000018261604,2021-04-07T14:13:03
SBICARD,INE018E01016,2021-04-07,NSE,EQ,EQ,sell,55.000000,980.200000,79869899,1300000016640240,2021-04-07T15:25:59
SBICARD,INE018E01016,2021-04-07,NSE,EQ,EQ,sell,71.000000,980.200000,79869898,1300000016640240,2021-04-07T15:25:59
SBICARD,INE018E01016,2021-04-07,NSE,EQ,EQ,sell,4.000000,980.200000,79869900,1300000016640240,2021-04-07T15:25:59
NESTLEIND,INE239A01016,2021-04-08,BSE,EQ,A,sell,4.000000,17565.200000,1780000,1617851710440146031,2021-04-08T11:16:07
TVSMOTOR,INE494B01023,2021-04-08,BSE,EQ,A,buy,100.000000,567.200000,4844500,1617851918658392871,2021-04-08T12:58:11
MARICO,INE196A01026,2021-04-08,NSE,EQ,EQ,sell,100.000000,415.250000,53815737,1200000006988759,2021-04-08T13:59:04
AMARAJABAT,INE885A01032,2021-04-08,BSE,EQ,A,buy,7.000000,821.100000,4147500,1617852600007464879,2021-04-08T14:34:31
AMARAJABAT,INE885A01032,2021-04-08,BSE,EQ,A,buy,22.000000,821.100000,4206300,1617852600007464879,2021-04-08T14:36:13
AMARAJABAT,INE885A01032,2021-04-08,BSE,EQ,A,buy,3.000000,821.100000,4214200,1617852600007464879,2021-04-08T14:36:39
AMARAJABAT,INE885A01032,2021-04-08,BSE,EQ,A,buy,68.000000,821.100000,4541300,1617852600007464879,2021-04-08T14:48:01
RAJESHEXPO,INE343B01030,2021-04-08,NSE,EQ,EQ,sell,94.000000,513.650000,80297810,1300000014500292,2021-04-08T15:21:15
SBICARD,INE018E01016,2021-04-09,NSE,EQ,EQ,sell,200.000000,972.550000,77753301,1300000006524546,2021-04-09T11:52:45
THANGAMAYL,INE085J01014,2021-04-09,BSE,EQ,B,sell,130.000000,619.500000,13752100,1617939000001409757,2021-04-09T12:55:05
NTPC,INE733E01010,2021-04-09,NSE,EQ,EQ,buy,1000.000000,103.150000,53106740,1200000011827896,2021-04-09T13:40:23
IDFCFIRSTB,INE092T01019,2021-04-09,NSE,EQ,EQ,buy,1000.000000,55.850000,28439516,1100000010759386,2021-04-09T13:45:13
HDFCAMC,INE127D01025,2021-04-09,NSE,EQ,EQ,buy,10.000000,2970.500000,28489629,1100000011125299,2021-04-09T13:48:32
RAJESHEXPO,INE343B01030,2021-04-09,NSE,EQ,EQ,sell,200.000000,517.100000,80010914,1300000001403482,2021-04-09T15:15:57
ONGC,INE213A01029,2021-04-12,NSE,EQ,EQ,buy,1000.000000,101.100000,50046362,1200000000203656,2021-04-12T09:15:13
SBICARD,INE018E01016,2021-04-12,NSE,EQ,EQ,buy,74.000000,938.950000,75092820,1300000000309057,2021-04-12T09:15:32
SBICARD,INE018E01016,2021-04-12,NSE,EQ,EQ,buy,26.000000,938.950000,75092819,1300000000309057,2021-04-12T09:15:32
SBIN,INE062A01020,2021-04-12,NSE,EQ,EQ,buy,200.000000,336.400000,75233635,1300000000690112,2021-04-12T09:17:31
PNB,INE160A01022,2021-04-12,NSE,EQ,EQ,buy,1000.000000,35.550000,50323225,1200000000947265,2021-04-12T09:21:17
HDFCAMC,INE127D01025,2021-04-12,NSE,EQ,EQ,buy,17.000000,2822.000000,25712605,1100000001965091,2021-04-12T09:28:40
HDFCAMC,INE127D01025,2021-04-12,NSE,EQ,EQ,buy,7.000000,2822.000000,25714271,1100000001965091,2021-04-12T09:28:42
IRCON,INE962Y01021,2021-04-15,BSE,EQ,A,sell,408.000000,89.700000,8128000,1618457400000473128,2021-04-15T09:41:54
IRCON,INE962Y01021,2021-04-15,BSE,EQ,A,sell,1242.000000,89.700000,8128200,1618457400000473128,2021-04-15T09:41:54
SBICARD,INE018E01016,2021-04-15,NSE,EQ,EQ,buy,60.000000,888.750000,76065320,1300000003783439,2021-04-15T09:47:45
TVSMOTOR,INE494B01023,2021-04-15,NSE,EQ,EQ,buy,80.000000,533.550000,77284667,1300000008997726,2021-04-15T11:14:09
INFY,INE009A01021,2021-04-15,NSE,EQ,EQ,buy,50.000000,1336.500000,27584736,1100000004040895,2021-04-15T11:30:30
RELIANCE,INE002A01018,2021-04-16,NSE,EQ,EQ,buy,16.000000,1930.050000,75287454,1300000000974113,2021-04-16T09:20:57
ONGC,INE213A01029,2021-04-16,NSE,EQ,EQ,sell,688.000000,105.850000,50471129,1200000000531526,2021-04-16T09:37:22
ONGC,INE213A01029,2021-04-16,NSE,EQ,EQ,sell,500.000000,105.850000,50471128,1200000000531526,2021-04-16T09:37:22
ONGC,INE213A01029,2021-04-16,NSE,EQ,EQ,sell,812.000000,105.850000,50471127,1200000000531526,2021-04-16T09:37:22
SBICARD,INE018E01016,2021-04-16,BSE,EQ,A,sell,80.000000,973.200000,27066700,1618552209950026445,2021-04-16T12:32:26
SBIN,INE062A01020,2021-04-16,NSE,EQ,EQ,buy,300.000000,339.500000,78875205,1300000014154878,2021-04-16T14:01:43
OIL,INE274J01014,2021-04-16,BSE,EQ,A,buy,25.000000,118.600000,3831900,1618543800007167053,2021-04-16T14:32:09
OIL,INE274J01014,2021-04-16,BSE,EQ,A,buy,100.000000,118.600000,4088100,1618543800007167053,2021-04-16T14:51:10
OIL,INE274J01014,2021-04-16,BSE,EQ,A,buy,191.000000,118.600000,4100800,1618543800007167053,2021-04-16T14:52:24
OIL,INE274J01014,2021-04-16,BSE,EQ,A,buy,18.000000,118.600000,4101600,1618543800007167053,2021-04-16T14:52:29
OIL,INE274J01014,2021-04-16,BSE,EQ,A,buy,661.000000,118.600000,4102600,1618543800007167053,2021-04-16T14:52:34
OIL,INE274J01014,2021-04-16,BSE,EQ,A,buy,5.000000,118.600000,4102400,1618543800007167053,2021-04-16T14:52:34
SBICARD,INE018E01016,2021-04-16,BSE,EQ,A,sell,80.000000,979.500000,45758500,1618552209950358769,2021-04-16T15:13:23
SBIN,INE062A01020,2021-04-19,NSE,EQ,EQ,buy,200.000000,322.400000,75882465,1300000002311897,2021-04-19T09:36:18
ICICIPRULI,INE726G01019,2021-04-20,BSE,EQ,A,sell,200.000000,493.500000,3080100,1618889400058103361,2021-04-20T09:43:25
HDFCAMC,INE127D01025,2021-04-20,BSE,EQ,A,buy,20.000000,2819.500000,3917500,1618889400058188896,2021-04-20T10:07:22
HCLTECH,INE860A01027,2021-04-20,NSE,EQ,EQ,buy,50.000000,975.650000,26980535,1100000002390922,2021-04-20T11:20:19
HDFC,INE001A01036,2021-04-20,NSE,EQ,EQ,buy,10.000000,2440.050000,28463815,1100000011096488,2021-04-20T13:50:08
HDFCBANK,INE040A01034,2021-04-20,NSE,EQ,EQ,buy,20.000000,1400.500000,28501958,1100000004053071,2021-04-20T13:53:42
NESTLEIND,INE239A01016,2021-04-22,BSE,EQ,A,buy,2.000000,16625.000000,5124800,1619061301086459588,2021-04-22T13:22:57
NESTLEIND,INE239A01016,2021-04-22,BSE,EQ,A,sell,1.000000,16769.050000,7134300,1619061301086664937,2021-04-22T15:23:27
NESTLEIND,INE239A01016,2021-04-22,BSE,EQ,A,sell,1.000000,16775.700000,7134100,1619061301086664937,2021-04-22T15:23:27
SBIN,INE062A01020,2021-04-26,NSE,EQ,EQ,sell,500.000000,347.200000,76810693,1300000002253615,2021-04-26T11:05:18
HCLTECH,INE860A01027,2021-04-26,NSE,EQ,EQ,buy,50.000000,925.000000,28304768,1100000002639039,2021-04-26T13:31:10
SBICARD,INE018E01016,2021-04-26,NSE,EQ,EQ,buy,20.000000,922.100000,78605666,1300000011982409,2021-04-26T14:21:33
HDFCLIFE,INE795G01014,2021-04-27,BSE,EQ,A,buy,100.000000,683.000000,4944800,1619494200012217470,2021-04-27T10:14:53
HAWKINCOOK,INE979B01015,2021-04-27,BSE,EQ,A,buy,2.000000,5350.000000,1287200,1619494200012005177,2021-04-27T13:55:06
HAWKINCOOK,INE979B01015,2021-04-27,BSE,EQ,A,buy,10.000000,5320.000000,1324500,1619494200012005519,2021-04-27T14:03:23
ICICIBANK,INE090A01021,2021-04-27,NSE,EQ,EQ,sell,100.000000,601.300000,28648157,1100000011637617,2021-04-27T14:10:06
SBIN,INE062A01020,2021-04-27,BSE,EQ,A,sell,25.000000,350.950000,5358000,1619494200015350228,2021-04-27T14:29:59
SBIN,INE062A01020,2021-04-27,BSE,EQ,A,sell,100.000000,350.950000,5358200,1619494200015350228,2021-04-27T14:29:59
SBIN,INE062A01020,2021-04-27,BSE,EQ,A,sell,378.000000,350.950000,5357600,1619494200015350228,2021-04-27T14:29:59
SBIN,INE062A01020,2021-04-27,BSE,EQ,A,sell,50.000000,350.950000,5357800,1619494200015350228,2021-04-27T14:29:59
SBIN,INE062A01020,2021-04-27,BSE,EQ,A,sell,47.000000,350.950000,5358400,1619494200015350228,2021-04-27T14:29:59
TVSMOTOR,INE494B01023,2021-04-28,NSE,EQ,EQ,sell,220.000000,645.100000,76189355,1300000002786392,2021-04-28T10:00:11
NESTLEIND,INE239A01016,2021-04-28,NSE,EQ,EQ,buy,4.000000,16680.000000,51765989,1200000004141120,2021-04-28T11:21:36
NESTLEIND,INE239A01016,2021-04-28,NSE,EQ,EQ,buy,1.000000,16680.000000,51766264,1200000004141120,2021-04-28T11:21:38
SBILIFE,INE123W01016,2021-04-28,NSE,EQ,EQ,buy,30.000000,917.000000,77517833,1300000004864955,2021-04-28T11:38:42
HDFC,INE001A01036,2021-04-28,NSE,EQ,EQ,sell,10.000000,2565.100000,27560370,1100000008369740,2021-04-28T12:17:37
SBICARD,INE018E01016,2021-04-28,NSE,EQ,EQ,sell,11.000000,982.100000,78290258,1300000009397065,2021-04-28T12:59:16
SBICARD,INE018E01016,2021-04-28,NSE,EQ,EQ,sell,9.000000,982.100000,78290257,1300000009397065,2021-04-28T12:59:16
BRITANNIA,INE216A01030,2021-04-28,NSE,EQ,EQ,buy,10.000000,3471.500000,5600357,1000000006141187,2021-04-28T15:21:55
VSTIND,INE710A01016,2021-04-29,NSE,EQ,EQ,buy,3.000000,3262.100000,76197883,1300000002071445,2021-04-29T09:54:50
VSTIND,INE710A01016,2021-04-29,NSE,EQ,EQ,buy,5.000000,3262.100000,76215348,1300000002071445,2021-04-29T09:55:28
VSTIND,INE710A01016,2021-04-29,NSE,EQ,EQ,buy,2.000000,3262.100000,76216147,1300000002071445,2021-04-29T09:55:30
HCLTECH,INE860A01027,2021-04-29,NSE,EQ,EQ,buy,100.000000,910.200000,28005615,1100000007065899,2021-04-29T12:59:00
VSTIND,INE710A01016,2021-04-29,NSE,EQ,EQ,buy,20.000000,3201.500000,78946767,1300000008429356,2021-04-29T13:59:22
NESTLEIND,INE239A01016,2021-04-29,NSE,EQ,EQ,buy,7.000000,16501.500000,54103624,1200000006538150,2021-04-29T15:05:46
NESTLEIND,INE239A01016,2021-04-29,NSE,EQ,EQ,buy,3.000000,16501.500000,54269505,1200000006538150,2021-04-29T15:14:05
BRITANNIA,INE216A01030,2021-04-30,BSE,EQ,A,buy,20.000000,3441.200000,1723800,1619753400010057402,2021-04-30T12:59:11
HDFCBANK,INE040A01034,2021-04-30,NSE,EQ,EQ,buy,1.000000,1415.500000,28345015,1100000002999001,2021-04-30T13:10:12
HDFCBANK,INE040A01034,2021-04-30,NSE,EQ,EQ,buy,49.000000,1415.500000,28345014,1100000002999001,2021-04-30T13:10:12
HDFC,INE001A01036,2021-04-30,NSE,EQ,EQ,buy,10.000000,2425.150000,29280025,1100000013565993,2021-04-30T14:30:36
ITC,INE154A01025,2021-04-30,BSE,EQ,A,buy,82.000000,202.850000,6414300,1619753400007182117,2021-04-30T15:07:30
ITC,INE154A01025,2021-04-30,BSE,EQ,A,buy,19.000000,202.850000,6416400,1619753400007182117,2021-04-30T15:07:35
ITC,INE154A01025,2021-04-30,BSE,EQ,A,buy,99.000000,202.850000,6432700,1619753400007182117,2021-04-30T15:07:44
HAWKINCOOK,INE979B01015,2021-05-03,BSE,EQ,A,sell,2.000000,5561.500000,1140300,1620012600054009146,2021-05-03T10:30:08
SBILIFE,INE123W01016,2021-05-03,NSE,EQ,EQ,sell,30.000000,957.150000,77008346,1300000007075965,2021-05-03T10:32:18
CRAFTSMAN,INE00LO01017,2021-05-03,NSE,EQ,EQ,buy,28.000000,1313.500000,1957934,1000000007855264,2021-05-03T10:54:57
PNB,INE160A01022,2021-05-03,NSE,EQ,EQ,buy,1000.000000,34.050000,53193747,1200000001868091,2021-05-03T13:29:47
HDFCAMC,INE127D01025,2021-05-03,NSE,EQ,EQ,buy,2.000000,2742.000000,28874829,1100000002059496,2021-05-03T14:17:45
HDFCAMC,INE127D01025,2021-05-03,NSE,EQ,EQ,buy,25.000000,2742.000000,28874831,1100000002059496,2021-05-03T14:17:45
HDFCAMC,INE127D01025,2021-05-03,NSE,EQ,EQ,buy,3.000000,2742.000000,28874828,1100000002059496,2021-05-03T14:17:45
PNB,INE160A01022,2021-05-03,NSE,EQ,EQ,sell,14.000000,34.500000,53845764,1200000013481833,2021-05-03T14:37:36
PNB,INE160A01022,2021-05-03,NSE,EQ,EQ,sell,26.000000,34.500000,53846499,1200000013481833,2021-05-03T14:37:39
PNB,INE160A01022,2021-05-03,NSE,EQ,EQ,sell,460.000000,34.500000,53846819,1200000013481833,2021-05-03T14:37:41
PNB,INE160A01022,2021-05-03,NSE,EQ,EQ,sell,100.000000,34.500000,53846734,1200000013481833,2021-05-03T14:37:41
PNB,INE160A01022,2021-05-03,NSE,EQ,EQ,sell,400.000000,34.500000,53846731,1200000013481833,2021-05-03T14:37:41
HDFCAMC,INE127D01025,2021-05-03,NSE,EQ,EQ,sell,18.000000,2757.500000,29501497,1100000014987041,2021-05-03T15:04:39
RELIANCE,INE002A01018,2021-05-04,BSE,EQ,A,buy,40.000000,1940.500000,1280700,1620099000013093773,2021-05-04T09:25:51
COALINDIA,INE522F01014,2021-05-04,NSE,EQ,EQ,sell,1120.000000,135.550000,761701,1000000002647097,2021-05-04T09:35:12
BRITANNIA,INE216A01030,2021-05-04,NSE,EQ,EQ,buy,2.000000,3420.100000,1036942,1000000002910602,2021-05-04T09:45:56
BRITANNIA,INE216A01030,2021-05-04,NSE,EQ,EQ,buy,7.000000,3420.100000,1036941,1000000002910602,2021-05-04T09:45:56
BRITANNIA,INE216A01030,2021-05-04,NSE,EQ,EQ,buy,1.000000,3420.100000,1036943,1000000002910602,2021-05-04T09:45:56
BRITANNIA,INE216A01030,2021-05-04,NSE,EQ,EQ,buy,15.000000,3420.100000,1036944,1000000002910602,2021-05-04T09:45:56
BRITANNIA,INE216A01030,2021-05-04,NSE,EQ,EQ,buy,5.000000,3420.100000,1038396,1000000002910602,2021-05-04T09:46:00
PNB,INE160A01022,2021-05-04,NSE,EQ,EQ,sell,1000.000000,36.950000,51222599,1200000003886649,2021-05-04T10:04:51
IDFCFIRSTB,INE092T01019,2021-05-04,NSE,EQ,EQ,sell,1000.000000,57.100000,27260470,1100000007235489,2021-05-04T11:37:43
RELIANCE,INE002A01018,2021-05-04,NSE,EQ,EQ,buy,30.000000,1930.000000,79352032,1300000004176096,2021-05-04T13:13:52
HDFC,INE001A01036,2021-05-04,NSE,EQ,EQ,buy,28.000000,2397.000000,28461088,1100000003886342,2021-05-04T13:21:24
HDFC,INE001A01036,2021-05-04,NSE,EQ,EQ,buy,2.000000,2397.000000,28461089,1100000003886342,2021-05-04T13:21:24
HDFCBANK,INE040A01034,2021-05-04,NSE,EQ,EQ,buy,9.000000,1390.500000,29383615,1100000011109507,2021-05-04T14:40:02
HDFCBANK,INE040A01034,2021-05-04,NSE,EQ,EQ,buy,21.000000,1390.500000,29383453,1100000011109507,2021-05-04T14:40:02
VSTIND,INE710A01016,2021-05-04,BSE,EQ,A,buy,1.000000,3188.000000,6388600,1620099000015590295,2021-05-04T15:21:43
VSTIND,INE710A01016,2021-05-04,BSE,EQ,A,buy,3.000000,3188.000000,6402300,1620099000015590295,2021-05-04T15:22:04
VSTIND,INE710A01016,2021-05-04,BSE,EQ,A,sell,1.000000,3189.600000,6436400,1620099000015952667,2021-05-04T15:23:22
VSTIND,INE710A01016,2021-05-04,BSE,EQ,A,sell,3.000000,3191.850000,6436200,1620099000015952667,2021-05-04T15:23:22
VSTIND,INE710A01016,2021-05-04,BSE,EQ,A,sell,1.000000,3191.800000,6459600,1620099000015952678,2021-05-04T15:23:30
VSTIND,INE710A01016,2021-05-04,BSE,EQ,A,sell,3.000000,3190.500000,6459800,1620099000015952678,2021-05-04T15:23:30
IDBI,INE008A01015,2021-05-05,NSE,EQ,EQ,sell,500.000000,39.150000,25939730,1100000002687049,2021-05-05T09:59:58
CASTROLIND,INE172A01027,2021-05-05,BSE,EQ,A,buy,184.000000,123.650000,2635500,1620185400028228699,2021-05-05T11:12:47
CASTROLIND,INE172A01027,2021-05-05,BSE,EQ,A,buy,52.000000,123.650000,2635700,1620185400028228699,2021-05-05T11:12:47
CASTROLIND,INE172A01027,2021-05-05,BSE,EQ,A,buy,164.000000,123.650000,2635900,1620185400028228699,2021-05-05T11:12:47
HAWKINCOOK,INE979B01015,2021-05-07,BSE,EQ,A,sell,10.000000,5590.000000,152400,1620358200090007116,2021-05-07T09:32:19
CRAFTSMAN,INE00LO01017,2021-05-07,BSE,EQ,B,sell,5.000000,1425.400000,514300,1620358200026004168,2021-05-07T09:37:11
CRAFTSMAN,INE00LO01017,2021-05-07,BSE,EQ,B,sell,33.000000,1425.400000,514500,1620358200026004168,2021-05-07T09:37:11
HDFCAMC,INE127D01025,2021-05-07,NSE,EQ,EQ,buy,5.000000,2700.950000,27868081,1100000003555307,2021-05-07T12:28:13
HDFCAMC,INE127D01025,2021-05-07,NSE,EQ,EQ,buy,4.000000,2700.950000,27868123,1100000003555307,2021-05-07T12:28:13
HDFCAMC,INE127D01025,2021-05-07,NSE,EQ,EQ,buy,6.000000,2700.950000,27868126,1100000003555307,2021-05-07T12:28:13
HDFCAMC,INE127D01025,2021-05-07,NSE,EQ,EQ,buy,15.000000,2700.950000,27868225,1100000003555307,2021-05-07T12:28:14
HDFC,INE001A01036,2021-05-10,NSE,EQ,EQ,sell,21.000000,2532.200000,25377590,1100000000546588,2021-05-10T09:22:13
HDFC,INE001A01036,2021-05-10,NSE,EQ,EQ,sell,19.000000,2532.200000,25377591,1100000000546588,2021-05-10T09:22:13
OIL,INE274J01014,2021-05-10,NSE,EQ,EQ,sell,1001.000000,124.950000,51096014,1200000002506955,2021-05-10T09:47:24
TAJGVK,INE586B01026,2021-05-10,BSE,EQ,A,buy,62.000000,109.000000,21625500,1620616639125063545,2021-05-10T10:04:12
HCLTECH,INE860A01027,2021-05-10,NSE,EQ,EQ,buy,25.000000,912.200000,26525264,1100000003712585,2021-05-10T10:13:42
BRITANNIA,INE216A01030,2021-05-10,NSE,EQ,EQ,buy,12.000000,3415.100000,1736028,1000000006235715,2021-05-10T10:13:58
IDFCFIRSTB,INE092T01019,2021-05-10,NSE,EQ,EQ,buy,288.000000,55.550000,27790867,1100000002290204,2021-05-10T11:45:50
IDFCFIRSTB,INE092T01019,2021-05-10,NSE,EQ,EQ,buy,50.000000,55.550000,27790866,1100000002290204,2021-05-10T11:45:50
IDFCFIRSTB,INE092T01019,2021-05-10,NSE,EQ,EQ,buy,662.000000,55.550000,27790865,1100000002290204,2021-05-10T11:45:50
BRITANNIA,INE216A01030,2021-05-10,NSE,EQ,EQ,buy,2.000000,3415.100000,4944015,1000000006235715,2021-05-10T14:08:29
NTPC,INE733E01010,2021-05-10,NSE,EQ,EQ,sell,314.000000,107.950000,55105568,1200000003696662,2021-05-10T15:10:30
NTPC,INE733E01010,2021-05-10,NSE,EQ,EQ,sell,686.000000,107.950000,55105499,1200000003696662,2021-05-10T15:10:30
HDFCLIFE,INE795G01014,2021-05-11,NSE,EQ,EQ,buy,60.000000,672.000000,29154755,1100000001518640,2021-05-11T13:18:14
HDFC,INE001A01036,2021-05-12,NSE,EQ,EQ,buy,20.000000,2410.000000,25314663,1100000000781910,2021-05-12T09:21:14
RELIANCE,INE002A01018,2021-05-12,BSE,EQ,A,buy,50.000000,1910.000000,1787500,1620790200102055190,2021-05-12T09:38:23
AMARAJABAT,INE885A01032,2021-05-12,BSE,EQ,A,buy,50.000000,780.450000,3791800,1620790200071283982,2021-05-12T11:18:17
CASTROLIND,INE172A01027,2021-05-12,NSE,EQ,EQ,sell,600.000000,128.500000,3402753,1000000012002309,2021-05-12T11:57:15
CASTROLIND,INE172A01027,2021-05-12,NSE,EQ,EQ,sell,1000.000000,130.200000,3734907,1000000012335476,2021-05-12T12:23:32
AMARAJABAT,INE885A01032,2021-05-12,BSE,EQ,A,sell,50.000000,790.000000,7663900,1620790200071382680,2021-05-12T14:01:53
IDFCFIRSTB,INE092T01019,2021-05-12,NSE,EQ,EQ,buy,1000.000000,55.400000,30486846,1100000013254258,2021-05-12T14:51:11
ICICIBANK,INE090A01021,2021-05-12,NSE,EQ,EQ,buy,100.000000,595.000000,30503414,1100000005197155,2021-05-12T14:51:52
HDFC,INE001A01036,2021-05-12,NSE,EQ,EQ,sell,20.000000,2440.000000,30937815,1100000015663819,2021-05-12T15:09:28
HDFC,INE001A01036,2021-05-14,NSE,EQ,EQ,buy,20.000000,2420.000000,26907182,1100000003252246,2021-05-14T10:35:49
AMARAJABAT,INE885A01032,2021-05-14,NSE,EQ,EQ,buy,21.000000,780.000000,2676864,1000000001638913,2021-05-14T10:39:36
AMARAJABAT,INE885A01032,2021-05-14,NSE,EQ,EQ,buy,29.000000,780.000000,2676865,1000000001638913,2021-05-14T10:39:36
HDFC,INE001A01036,2021-05-14,NSE,EQ,EQ,buy,50.000000,2404.000000,28310788,1100000009732191,2021-05-14T12:08:07
SETFNIF50,INF200KA1FS1,2021-05-14,NSE,EQ,EQ,buy,1.000000,148.700000,80752931,1300000019241638,2021-05-14T13:47:11
SETFNIF50,INF200KA1FS1,2021-05-14,NSE,EQ,EQ,buy,99.000000,148.700000,80818577,1300000019241638,2021-05-14T13:51:15
NESTLEIND,INE239A01016,2021-05-14,NSE,EQ,EQ,sell,5.000000,17120.000000,55165814,1200000016813610,2021-05-14T14:48:12
HDFC,INE001A01036,2021-05-14,NSE,EQ,EQ,sell,70.000000,2425.000000,30018205,1100000016149875,2021-05-14T14:52:55
NESTLEIND,INE239A01016,2021-05-14,NSE,EQ,EQ,sell,5.000000,17200.000000,55288243,1200000008117305,2021-05-14T14:56:59
NESTLEIND,INE239A01016,2021-05-14,NSE,EQ,EQ,sell,5.000000,17250.000000,55330073,1200000020535998,2021-05-14T14:59:54
ICICIBANK,INE090A01021,2021-05-17,NSE,EQ,EQ,sell,8.000000,618.000000,27554548,1100000003564337,2021-05-17T11:50:03
ICICIBANK,INE090A01021,2021-05-17,NSE,EQ,EQ,sell,92.000000,618.000000,27554547,1100000003564337,2021-05-17T11:50:03
HDFCBANK,INE040A01034,2021-05-17,NSE,EQ,EQ,sell,52.000000,1430.000000,29157305,1100000011187911,2021-05-17T14:04:30
BHARTIARTL,INE397D01024,2021-05-17,NSE,EQ,EQ,buy,100.000000,547.950000,4737475,1000000011761353,2021-05-17T14:17:13
RAJESHEXPO,INE343B01030,2021-05-17,NSE,EQ,EQ,buy,100.000000,512.000000,80234277,1300000001884741,2021-05-17T14:24:34
IDFCFIRSTB,INE092T01019,2021-05-18,NSE,EQ,EQ,sell,1000.000000,56.800000,25442860,1100000000567305,2021-05-18T09:25:11
RELIANCE,INE002A01018,2021-05-18,NSE,EQ,EQ,sell,46.000000,1985.000000,75789680,1300000001051056,2021-05-18T09:32:39
IDFCFIRSTB,INE092T01019,2021-05-18,NSE,EQ,EQ,sell,1000.000000,57.300000,26014538,1100000001923411,2021-05-18T09:47:44
HDFC,INE001A01036,2021-05-18,NSE,EQ,EQ,buy,50.000000,2504.000000,26091684,1100000000216033,2021-05-18T09:51:22
HDFC,INE001A01036,2021-05-18,NSE,EQ,EQ,buy,6.000000,2495.000000,26276719,1100000004076584,2021-05-18T09:59:46
HDFC,INE001A01036,2021-05-18,NSE,EQ,EQ,buy,40.000000,2495.000000,26276720,1100000004076584,2021-05-18T09:59:46
HDFC,INE001A01036,2021-05-18,NSE,EQ,EQ,buy,4.000000,2495.000000,26276721,1100000004076584,2021-05-18T09:59:46
COCHINSHIP,INE704P01017,2021-05-18,NSE,EQ,EQ,buy,100.000000,387.000000,1633039,1000000005016797,2021-05-18T10:18:11
GODFRYPHLP,INE260B01028,2021-05-18,NSE,EQ,EQ,sell,25.000000,910.000000,27109483,1100000005862318,2021-05-18T10:52:09
HDFCBANK,INE040A01034,2021-05-18,NSE,EQ,EQ,sell,80.000000,1475.000000,27252732,1100000000403156,2021-05-18T11:04:02
HDFC,INE001A01036,2021-05-18,NSE,EQ,EQ,sell,50.000000,2505.000000,27255759,1100000005372332,2021-05-18T11:04:12
TAJGVK,INE586B01026,2021-05-18,NSE,EQ,EQ,sell,62.000000,122.400000,78094677,1300000003031834,2021-05-18T11:51:49
RELIANCE,INE002A01018,2021-05-18,NSE,EQ,EQ,sell,100.000000,2000.000000,78474840,1300000002881655,2021-05-18T12:15:58
TAJGVK,INE586B01026,2021-05-18,NSE,EQ,EQ,sell,200.000000,123.000000,79051080,1300000011312158,2021-05-18T12:56:26
BHARTIARTL,INE397D01024,2021-05-18,NSE,EQ,EQ,buy,100.000000,535.000000,5036256,1000000000891501,2021-05-18T14:31:28
TAJGVK,INE586B01026,2021-05-18,NSE,EQ,EQ,sell,500.000000,123.500000,80735789,1300000014082179,2021-05-18T15:02:52
TAJGVK,INE586B01026,2021-05-18,NSE,EQ,EQ,sell,1000.000000,125.000000,81136595,1300000011497717,2021-05-18T15:20:04
TAJGVK,INE586B01026,2021-05-18,NSE,EQ,EQ,sell,500.000000,125.000000,81136613,1300000019595602,2021-05-18T15:20:04
BRITANNIA,INE216A01030,2021-05-19,NSE,EQ,EQ,sell,24.000000,3545.000000,288513,1000000000812080,2021-05-19T09:19:01
HDFCLIFE,INE795G01014,2021-05-19,NSE,EQ,EQ,buy,100.000000,667.000000,27590364,1100000005542129,2021-05-19T12:09:38
BRITANNIA,INE216A01030,2021-05-19,NSE,EQ,EQ,sell,5.000000,3555.000000,3941230,1000000001285707,2021-05-19T12:59:19
BRITANNIA,INE216A01030,2021-05-19,NSE,EQ,EQ,sell,4.000000,3555.000000,3941231,1000000001285707,2021-05-19T12:59:19
BRITANNIA,INE216A01030,2021-05-19,NSE,EQ,EQ,sell,8.000000,3555.000000,3941229,1000000001285707,2021-05-19T12:59:19
BRITANNIA,INE216A01030,2021-05-19,NSE,EQ,EQ,sell,2.000000,3555.000000,3943853,1000000001285707,2021-05-19T12:59:35
BRITANNIA,INE216A01030,2021-05-19,NSE,EQ,EQ,sell,6.000000,3555.000000,3944112,1000000001285707,2021-05-19T12:59:36
COCHINSHIP,INE704P01017,2021-05-19,NSE,EQ,EQ,buy,100.000000,381.000000,4127693,1000000011380134,2021-05-19T13:18:03
BHARTIARTL,INE397D01024,2021-05-19,NSE,EQ,EQ,buy,100.000000,530.000000,4235446,1000000002305721,2021-05-19T13:28:13
HDFC,INE001A01036,2021-05-19,NSE,EQ,EQ,buy,20.000000,2480.950000,28468210,1100000008795204,2021-05-19T13:36:57
IDFCFIRSTB,INE092T01019,2021-05-19,NSE,EQ,EQ,buy,1000.000000,55.450000,28531825,1100000005375408,2021-05-19T13:41:14
THANGAMAYL,INE085J01014,2021-05-19,NSE,EQ,EQ,buy,58.000000,630.000000,81395766,1300000002190515,2021-05-19T15:27:37
THANGAMAYL,INE085J01014,2021-05-19,NSE,EQ,EQ,buy,42.000000,630.000000,81398080,1300000002190515,2021-05-19T15:27:41
BRITANNIA,INE216A01030,2021-05-20,NSE,EQ,EQ,buy,20.000000,3490.000000,481085,1000000001648346,2021-05-20T09:25:01
BRITANNIA,INE216A01030,2021-05-20,NSE,EQ,EQ,buy,25.000000,3460.000000,757828,1000000001878358,2021-05-20T09:32:41
BRITANNIA,INE216A01030,2021-05-20,NSE,EQ,EQ,buy,25.000000,3420.000000,5185695,1000000002745057,2021-05-20T15:11:40
THANGAMAYL,INE085J01014,2021-05-21,BSE,EQ,B,sell,17.000000,675.000000,3268700,1621567800000513723,2021-05-21T09:27:47
THANGAMAYL,INE085J01014,2021-05-21,BSE,EQ,B,sell,1.000000,695.000000,3267800,1621567800000513723,2021-05-21T09:27:47
THANGAMAYL,INE085J01014,2021-05-21,BSE,EQ,B,sell,1.000000,675.000000,3268800,1621567800000513723,2021-05-21T09:27:47
THANGAMAYL,INE085J01014,2021-05-21,BSE,EQ,B,sell,5.000000,693.550000,3268200,1621567800000513723,2021-05-21T09:27:47
THANGAMAYL,INE085J01014,2021-05-21,BSE,EQ,B,sell,3.000000,693.600000,3268000,1621567800000513723,2021-05-21T09:27:47
THANGAMAYL,INE085J01014,2021-05-21,BSE,EQ,B,sell,38.000000,688.450000,3268400,1621567800000513723,2021-05-21T09:27:47
THANGAMAYL,INE085J01014,2021-05-21,BSE,EQ,B,sell,3.000000,675.000000,3269000,1621567800000513723,2021-05-21T09:27:47
THANGAMAYL,INE085J01014,2021-05-21,BSE,EQ,B,sell,32.000000,675.000000,3269200,1621567800000513723,2021-05-21T09:27:47
IDFCFIRSTB,INE092T01019,2021-05-21,NSE,EQ,EQ,sell,1000.000000,56.100000,25794676,1100000001070222,2021-05-21T09:35:15
IDFCFIRSTB,INE092T01019,2021-05-21,NSE,EQ,EQ,buy,1000.000000,55.450000,28572431,1100000003601119,2021-05-21T12:51:56
MARICO,INE196A01026,2021-05-21,NSE,EQ,EQ,buy,100.000000,460.000000,53874680,1200000006669091,2021-05-21T13:57:41
IDFCFIRSTB,INE092T01019,2021-05-21,NSE,EQ,EQ,sell,1000.000000,56.100000,29850205,1100000014150126,2021-05-21T14:43:04
HDFC,INE001A01036,2021-05-21,NSE,EQ,EQ,sell,4.000000,2518.000000,30254301,1100000015213514,2021-05-21T15:05:45
HDFC,INE001A01036,2021-05-21,NSE,EQ,EQ,sell,7.000000,2518.000000,30254500,1100000015213514,2021-05-21T15:05:45
HDFC,INE001A01036,2021-05-21,NSE,EQ,EQ,sell,9.000000,2518.000000,30254832,1100000015213514,2021-05-21T15:05:46
HDFC,INE001A01036,2021-05-24,NSE,EQ,EQ,sell,16.000000,2555.000000,27080386,1100000006306640,2021-05-24T10:55:50
HDFC,INE001A01036,2021-05-24,NSE,EQ,EQ,sell,4.000000,2555.000000,27080384,1100000006306640,2021-05-24T10:55:50
BRITANNIA,INE216A01030,2021-05-24,NSE,EQ,EQ,buy,20.000000,3400.000000,2872350,1000000003949809,2021-05-24T11:32:30
BRITANNIA,INE216A01030,2021-05-24,NSE,EQ,EQ,buy,20.000000,3385.000000,3227036,1000000011374263,2021-05-24T11:57:51
VSTIND,INE710A01016,2021-05-25,NSE,EQ,EQ,sell,10.000000,3300.000000,75828754,1300000001238922,2021-05-25T09:38:37
BRITANNIA,INE216A01030,2021-05-25,NSE,EQ,EQ,sell,20.000000,3430.000000,1937012,1000000003001873,2021-05-25T10:31:29
SBICARD,INE018E01016,2021-05-25,NSE,EQ,EQ,buy,20.000000,1045.000000,78206280,1300000006561213,2021-05-25T12:10:25
BRITANNIA,INE216A01030,2021-05-25,BSE,EQ,A,sell,20.000000,3440.000000,3253700,1621913400049193605,2021-05-25T12:49:25
HDFCLIFE,INE795G01014,2021-05-25,NSE,EQ,EQ,buy,7.000000,665.000000,29353793,1100000004215703,2021-05-25T14:00:52
HDFCLIFE,INE795G01014,2021-05-25,NSE,EQ,EQ,buy,73.000000,665.000000,29353792,1100000004215703,2021-05-25T14:00:52
AMARAJABAT,INE885A01032,2021-05-25,BSE,EQ,A,buy,40.000000,735.000000,14611000,1621913400001713552,2021-05-25T14:19:50
BRITANNIA,INE216A01030,2021-05-25,NSE,EQ,EQ,sell,1.000000,3429.000000,5408050,1000000019716945,2021-05-25T14:56:22
BRITANNIA,INE216A01030,2021-05-25,NSE,EQ,EQ,sell,5.000000,3428.450000,5408051,1000000019716945,2021-05-25T14:56:22
BRITANNIA,INE216A01030,2021-05-25,NSE,EQ,EQ,sell,14.000000,3428.100000,5408052,1000000019716945,2021-05-25T14:56:22
SBICARD,INE018E01016,2021-05-25,NSE,EQ,EQ,buy,20.000000,1035.000000,80862569,1300000019011129,2021-05-25T15:21:36
SBICARD,INE018E01016,2021-05-25,NSE,EQ,EQ,buy,20.000000,1030.350000,80872428,1300000015207737,2021-05-25T15:21:45
SBICARD,INE018E01016,2021-05-26,NSE,EQ,EQ,buy,20.000000,1030.000000,75376654,1300000001327124,2021-05-26T09:22:47
SBICARD,INE018E01016,2021-05-26,NSE,EQ,EQ,buy,20.000000,1025.000000,75566820,1300000001384110,2021-05-26T09:29:01
SBICARD,INE018E01016,2021-05-26,NSE,EQ,EQ,sell,20.000000,1045.000000,77222931,1300000001434288,2021-05-26T10:51:05
MARICO,INE196A01026,2021-05-26,BSE,EQ,A,buy,100.000000,460.000000,3697300,1621999800038217139,2021-05-26T11:27:58
COCHINSHIP,INE704P01017,2021-05-26,NSE,EQ,EQ,buy,45.000000,384.000000,2478511,1000000007013539,2021-05-26T11:33:02
COCHINSHIP,INE704P01017,2021-05-26,NSE,EQ,EQ,buy,55.000000,384.000000,2504427,1000000007013539,2021-05-26T11:35:11
BRITANNIA,INE216A01030,2021-05-26,NSE,EQ,EQ,buy,20.000000,3420.000000,2520747,1000000008318505,2021-05-26T11:36:27
INFY,INE009A01021,2021-05-26,NSE,EQ,EQ,sell,50.000000,1385.000000,27689011,1100000004003679,2021-05-26T12:10:41
HDFCLIFE,INE795G01014,2021-05-26,NSE,EQ,EQ,buy,40.000000,657.500000,29573926,1100000014690336,2021-05-26T14:58:58
MARICO,INE196A01026,2021-05-27,NSE,EQ,EQ,sell,100.000000,470.000000,51157451,1200000000538152,2021-05-27T09:53:48
SBICARD,INE018E01016,2021-05-27,NSE,EQ,EQ,buy,20.000000,1018.000000,77407889,1300000007112658,2021-05-27T10:55:00
BRITANNIA,INE216A01030,2021-05-27,NSE,EQ,EQ,buy,10.000000,3410.000000,4362974,1000000014112584,2021-05-27T13:47:55
COCHINSHIP,INE704P01017,2021-05-27,NSE,EQ,EQ,buy,51.000000,382.000000,5069539,1000000010407131,2021-05-27T14:35:55
COCHINSHIP,INE704P01017,2021-05-27,NSE,EQ,EQ,buy,49.000000,382.000000,5069538,1000000010407131,2021-05-27T14:35:55
EXIDEIND,INE302A01020,2021-05-27,NSE,EQ,EQ,buy,100.000000,187.000000,29809440,1100000005550931,2021-05-27T14:57:36
BHARTIARTL,INE397D01024,2021-05-27,NSE,EQ,EQ,buy,50.000000,521.000000,5498047,1000000008153734,2021-05-27T15:00:20
SBICARD,INE018E01016,2021-05-27,NSE,EQ,EQ,sell,20.000000,1032.000000,81150676,1300000018460176,2021-05-27T15:05:33
SBICARD,INE018E01016,2021-05-27,NSE,EQ,EQ,sell,20.000000,1050.000000,81283838,1300000000463780,2021-05-27T15:09:01
SBICARD,INE018E01016,2021-05-27,NSE,EQ,EQ,sell,30.000000,1060.000000,81685278,1300000019618311,2021-05-27T15:18:12
SBICARD,INE018E01016,2021-05-27,NSE,EQ,EQ,sell,9.000000,1077.000000,81861812,1300000020327028,2021-05-27T15:21:37
SBICARD,INE018E01016,2021-05-27,NSE,EQ,EQ,sell,21.000000,1077.000000,81861313,1300000020327028,2021-05-27T15:21:37
COCHINSHIP,INE704P01017,2021-05-27,NSE,EQ,EQ,buy,100.000000,380.500000,6701910,1000000021140114,2021-05-27T15:25:56
MARICO,INE196A01026,2021-05-27,NSE,EQ,EQ,sell,100.000000,476.000000,56054827,1200000006465274,2021-05-27T15:26:36
HDFCAMC,INE127D01025,2021-05-28,NSE,EQ,EQ,sell,46.000000,2900.000000,25352425,1100000000971564,2021-05-28T09:22:13
HDFCAMC,INE127D01025,2021-05-28,NSE,EQ,EQ,sell,50.000000,2926.000000,25610589,1100000001166043,2021-05-28T09:31:11
VSTIND,INE710A01016,2021-05-28,NSE,EQ,EQ,sell,22.000000,3310.000000,78015017,1300000007612698,2021-05-28T11:23:10
COCHINSHIP,INE704P01017,2021-05-28,NSE,EQ,EQ,buy,200.000000,381.000000,2423290,1000000008786257,2021-05-28T11:47:18
HDFCLIFE,INE795G01014,2021-05-28,NSE,EQ,EQ,sell,22.000000,674.000000,27979591,1100000006215638,2021-05-28T12:24:00
TVSMOTOR,INE494B01023,2021-05-28,NSE,EQ,EQ,buy,50.000000,620.000000,81149377,1300000012154743,2021-05-28T15:11:08
TVSMOTOR,INE494B01023,2021-05-31,NSE,EQ,EQ,buy,8.000000,615.000000,79267977,1300000001304779,2021-05-31T13:21:40
TVSMOTOR,INE494B01023,2021-05-31,NSE,EQ,EQ,buy,42.000000,615.000000,79267978,1300000001304779,2021-05-31T13:21:40
ITC,INE154A01025,2021-05-31,NSE,EQ,EQ,sell,494.000000,217.900000,29241292,1100000000837977,2021-05-31T14:15:37
HDFC,INE001A01036,2021-06-01,NSE,EQ,EQ,sell,30.000000,2600.000000,25444591,1100000001059736,2021-06-01T09:26:15
HDFC,INE001A01036,2021-06-02,NSE,EQ,EQ,buy,15.000000,2550.000000,25416023,1100000001359333,2021-06-02T09:24:55
BRITANNIA,INE216A01030,2021-06-02,NSE,EQ,EQ,sell,25.000000,3480.000000,1318510,1000000001016604,2021-06-02T10:03:23
HDFCLIFE,INE795G01014,2021-06-02,NSE,EQ,EQ,sell,100.000000,672.000000,27242986,1100000006464192,2021-06-02T11:27:22
RAJESHEXPO,INE343B01030,2021-06-02,NSE,EQ,EQ,sell,50.000000,526.000000,77761357,1300000002850595,2021-06-02T11:57:44
RAJESHEXPO,INE343B01030,2021-06-02,NSE,EQ,EQ,sell,50.000000,526.000000,77762059,1300000002850595,2021-06-02T11:57:47
ITC,INE154A01025,2021-06-02,NSE,EQ,EQ,buy,74.000000,209.400000,28372795,1100000000654650,2021-06-02T13:12:40
ITC,INE154A01025,2021-06-02,NSE,EQ,EQ,buy,26.000000,209.400000,28372794,1100000000654650,2021-06-02T13:12:40
COCHINSHIP,INE704P01017,2021-06-03,NSE,EQ,EQ,sell,100.000000,385.000000,459395,1000000001623514,2021-06-03T09:24:25
COCHINSHIP,INE704P01017,2021-06-03,NSE,EQ,EQ,sell,1.000000,390.000000,598786,1000000001653822,2021-06-03T09:28:51
COCHINSHIP,INE704P01017,2021-06-03,NSE,EQ,EQ,sell,200.000000,390.000000,598787,1000000001683284,2021-06-03T09:28:51
EXIDEIND,INE302A01020,2021-06-03,NSE,EQ,EQ,sell,100.000000,194.000000,28064213,1100000005102141,2021-06-03T12:17:54
TVSMOTOR,INE494B01023,2021-06-04,NSE,EQ,EQ,sell,100.000000,628.500000,75353447,1300000001093242,2021-06-04T09:22:31
HDFCLIFE,INE795G01014,2021-06-04,NSE,EQ,EQ,sell,100.000000,682.000000,25428195,1100000001245672,2021-06-04T09:25:57
BRITANNIA,INE216A01030,2021-06-04,NSE,EQ,EQ,sell,20.000000,3505.000000,558816,1000000002064261,2021-06-04T09:31:02
BRITANNIA,INE216A01030,2021-06-04,NSE,EQ,EQ,sell,10.000000,3510.000000,584944,1000000002112459,2021-06-04T09:32:06
HDFCLIFE,INE795G01014,2021-06-04,NSE,EQ,EQ,sell,100.000000,685.000000,25982453,1100000001484246,2021-06-04T09:51:45
HDFC,INE001A01036,2021-06-04,NSE,EQ,EQ,sell,15.000000,2600.000000,26111643,1100000002605174,2021-06-04T10:00:50
COCHINSHIP,INE704P01017,2021-06-07,NSE,EQ,EQ,sell,199.000000,390.000000,1623883,1000000000768214,2021-06-07T09:59:11
COCHINSHIP,INE704P01017,2021-06-07,NSE,EQ,EQ,buy,198.000000,394.200000,1924604,1000000006431558,2021-06-07T10:13:13
COCHINSHIP,INE704P01017,2021-06-07,NSE,EQ,EQ,buy,1.000000,394.200000,1924605,1000000006431558,2021-06-07T10:13:13
COCHINSHIP,INE704P01017,2021-06-07,NSE,EQ,EQ,sell,199.000000,394.250000,2055550,1000000006595790,2021-06-07T10:20:12
BHARTIARTL,INE397D01024,2021-06-07,NSE,EQ,EQ,sell,50.000000,540.000000,2152934,1000000006706578,2021-06-07T10:24:59
COCHINSHIP,INE704P01017,2021-06-07,NSE,EQ,EQ,sell,200.000000,394.250000,2282757,1000000006541295,2021-06-07T10:31:04
BRITANNIA,INE216A01030,2021-06-07,NSE,EQ,EQ,sell,30.000000,3510.000000,3611336,1000000007442172,2021-06-07T11:52:57
BRITANNIA,INE216A01030,2021-06-07,NSE,EQ,EQ,sell,20.000000,3515.000000,3675091,1000000012493254,2021-06-07T11:58:01
HCLTECH,INE860A01027,2021-06-07,NSE,EQ,EQ,sell,25.000000,950.000000,29912813,1100000005653991,2021-06-07T14:32:44
HDFCLIFE,INE795G01014,2021-06-08,NSE,EQ,EQ,sell,100.000000,685.000000,25939889,1100000002355625,2021-06-08T09:41:52
HCLTECH,INE860A01027,2021-06-08,NSE,EQ,EQ,sell,100.000000,962.000000,26620336,1100000002253569,2021-06-08T10:10:24
HCLTECH,INE860A01027,2021-06-08,NSE,EQ,EQ,sell,100.000000,965.000000,26870026,1100000005214235,2021-06-08T10:25:11
HDFC,INE001A01036,2021-06-08,NSE,EQ,EQ,buy,10.000000,2550.000000,29410809,1100000000306796,2021-06-08T14:06:02
BHARTIARTL,INE397D01024,2021-06-08,NSE,EQ,EQ,sell,100.000000,543.000000,5279055,1000000007989607,2021-06-08T14:13:02
BHARTIARTL,INE397D01024,2021-06-08,NSE,EQ,EQ,sell,100.000000,545.500000,5715509,1000000020735280,2021-06-08T14:41:53
BHARTIARTL,INE397D01024,2021-06-08,NSE,EQ,EQ,sell,100.000000,546.000000,5721266,1000000020764710,2021-06-08T14:42:14
NMDC,INE584A01023,2021-06-09,NSE,EQ,EQ,buy,100.000000,181.000000,51479572,1200000003989179,2021-06-09T10:10:13
NMDC,INE584A01023,2021-06-09,NSE,EQ,EQ,buy,100.000000,180.000000,53536922,1200000006910628,2021-06-09T12:51:04
NMDC,INE584A01023,2021-06-09,NSE,EQ,EQ,buy,100.000000,179.000000,53746924,1200000005181812,2021-06-09T13:06:46
NMDC,INE584A01023,2021-06-09,NSE,EQ,EQ,buy,200.000000,178.000000,53859316,1200000014046843,2021-06-09T13:10:24
SETFNIFBK,INF200KA1580,2021-06-09,NSE,EQ,EQ,buy,50.000000,347.000000,80020795,1300000002390577,2021-06-09T13:15:05
NMDC,INE584A01023,2021-06-09,NSE,EQ,EQ,buy,137.000000,177.000000,55639592,1200000014391412,2021-06-09T14:46:38
NMDC,INE584A01023,2021-06-09,NSE,EQ,EQ,buy,63.000000,177.000000,55639591,1200000014391412,2021-06-09T14:46:38
NMDC,INE584A01023,2021-06-09,NSE,EQ,EQ,sell,250.000000,180.500000,56363656,1200000017102672,2021-06-09T15:21:00
HDFC,INE001A01036,2021-06-09,NSE,EQ,EQ,buy,10.000000,2540.000000,31231358,1100000000409832,2021-06-09T15:23:31
NMDC,INE584A01023,2021-06-10,NSE,EQ,EQ,sell,250.000000,182.000000,50118516,1200000000466387,2021-06-10T09:16:33
ITC,INE154A01025,2021-06-10,NSE,EQ,EQ,buy,100.000000,208.000000,25141254,1100000000607226,2021-06-10T09:17:39
NMDC,INE584A01023,2021-06-10,NSE,EQ,EQ,sell,200.000000,183.500000,50172838,1200000000565517,2021-06-10T09:17:43
ITC,INE154A01025,2021-06-11,NSE,EQ,EQ,buy,100.000000,208.500000,27125097,1100000004278651,2021-06-11T11:13:14
SBICARD,INE018E01016,2021-06-11,NSE,EQ,EQ,buy,10.000000,1097.000000,77568271,1300000006886069,2021-06-11T11:16:37
AMARAJABAT,INE885A01032,2021-06-11,NSE,EQ,EQ,buy,10.000000,758.000000,2664557,1000000002180890,2021-06-11T11:26:49
BHARTIARTL,INE397D01024,2021-06-14,BSE,EQ,A,buy,10.000000,530.000000,1337100,1623641400052092986,2021-06-14T09:32:26
SETFNIF50,INF200KA1FS1,2021-06-14,NSE,EQ,EQ,buy,1.000000,159.630000,77177202,1300000007394745,2021-06-14T10:19:18
SETFNIFBK,INF200KA1580,2021-06-14,NSE,EQ,EQ,buy,1.000000,345.260000,79260169,1300000015615405,2021-06-14T13:10:08
SETFNIFBK,INF200KA1580,2021-06-14,NSE,EQ,EQ,sell,1.000000,347.540000,79442455,1300000016287341,2021-06-14T13:23:06
SETFNIFBK,INF200KA1580,2021-06-14,NSE,EQ,EQ,sell,1.000000,347.470000,79443237,1300000016290013,2021-06-14T13:23:08
SETFNN50,INF200KA1598,2021-06-14,NSE,EQ,EQ,buy,10.000000,404.940000,80282503,1300000019481755,2021-06-14T14:28:36
SETFNN50,INF200KA1598,2021-06-14,NSE,EQ,EQ,buy,10.000000,404.090000,80639824,1300000020689268,2021-06-14T14:52:50
SETFNN50,INF200KA1598,2021-06-14,NSE,EQ,EQ,buy,10.000000,404.300000,80755903,1300000021073544,2021-06-14T15:01:19
SETFNN50,INF200KA1598,2021-06-14,NSE,EQ,EQ,buy,3.000000,403.990000,80900334,1300000021507539,2021-06-14T15:10:03
SETFNN50,INF200KA1598,2021-06-14,NSE,EQ,EQ,buy,7.000000,403.990000,80900333,1300000021507539,2021-06-14T15:10:03
SETFNN50,INF200KA1598,2021-06-15,NSE,EQ,EQ,sell,1.000000,406.000000,75509600,1300000001913078,2021-06-15T09:28:40
SETFNIF50,INF200KA1FS1,2021-06-15,NSE,EQ,EQ,sell,1.000000,161.000000,75642241,1300000002373978,2021-06-15T09:33:31
SBICARD,INE018E01016,2021-06-15,NSE,EQ,EQ,buy,9.000000,1073.850000,77365936,1300000008482336,2021-06-15T11:08:42
SBICARD,INE018E01016,2021-06-15,NSE,EQ,EQ,buy,1.000000,1073.850000,77365937,1300000008482336,2021-06-15T11:08:42
SBIETFPB,INF200KA1S22,2021-06-15,NSE,EQ,EQ,buy,10.000000,185.570000,77407105,1300000008632029,2021-06-15T11:12:39
SBIETFPB,INF200KA1S22,2021-06-15,NSE,EQ,EQ,buy,20.000000,185.570000,77420259,1300000008682836,2021-06-15T11:13:53
SETFGOLD,INF200K01099,2021-06-15,NSE,EQ,EQ,buy,1.000000,4309.850000,77643786,1300000009510685,2021-06-15T11:33:29
SETFGOLD,INF200K01099,2021-06-15,NSE,EQ,EQ,buy,1.000000,4309.850000,77643785,1300000009510685,2021-06-15T11:33:29
SBIETFPB,INF200KA1S22,2021-06-15,NSE,EQ,EQ,buy,17.000000,185.470000,77674468,1300000009610206,2021-06-15T11:36:15
SBIETFPB,INF200KA1S22,2021-06-15,NSE,EQ,EQ,buy,3.000000,185.490000,77674469,1300000009610206,2021-06-15T11:36:15
SETFNIFBK,INF200KA1580,2021-06-15,NSE,EQ,EQ,sell,49.000000,351.000000,78197264,1300000002274582,2021-06-15T12:24:22
SBIETFPB,INF200KA1S22,2021-06-15,NSE,EQ,EQ,buy,20.000000,185.500000,78233326,1300000011576241,2021-06-15T12:27:28
SBICARD,INE018E01016,2021-06-15,NSE,EQ,EQ,sell,10.000000,1080.000000,78542335,1300000008546002,2021-06-15T12:57:15
SETFNN50,INF200KA1598,2021-06-15,NSE,EQ,EQ,buy,10.000000,407.940000,78957404,1300000014018438,2021-06-15T13:35:38
SETFNN50,INF200KA1598,2021-06-15,NSE,EQ,EQ,buy,10.000000,407.890000,78981482,1300000014091254,2021-06-15T13:36:45
SETFNN50,INF200KA1598,2021-06-15,NSE,EQ,EQ,buy,10.000000,407.490000,79077131,1300000014390600,2021-06-15T13:41:50
SETFNIF50,INF200KA1FS1,2021-06-15,NSE,EQ,EQ,buy,1.000000,161.400000,79376420,1300000015405191,2021-06-15T14:07:00
SETFNN50,INF200KA1598,2021-06-15,NSE,EQ,EQ,sell,39.000000,408.000000,80374712,1300000002190299,2021-06-15T15:12:46
SETFNN50,INF200KA1598,2021-06-15,NSE,EQ,EQ,sell,1.000000,408.050000,80378466,1300000014185320,2021-06-15T15:12:58
SETFNN50,INF200KA1598,2021-06-15,NSE,EQ,EQ,sell,9.000000,408.050000,80384841,1300000014185320,2021-06-15T15:13:16
SETFNN50,INF200KA1598,2021-06-15,NSE,EQ,EQ,sell,10.000000,408.550000,80387153,1300000014390676,2021-06-15T15:13:22
SETFNN50,INF200KA1598,2021-06-15,NSE,EQ,EQ,sell,10.000000,408.550000,80387152,1300000014091464,2021-06-15T15:13:22
SETFNN50,INF200KA1598,2021-06-15,NSE,EQ,EQ,buy,10.000000,407.350000,80581908,1300000018865213,2021-06-15T15:21:04
SBICARD,INE018E01016,2021-06-15,NSE,EQ,EQ,buy,8.000000,1073.150000,80609582,1300000018914381,2021-06-15T15:21:39
SETFNN50,INF200KA1598,2021-06-15,NSE,EQ,EQ,buy,9.000000,406.940000,80645957,1300000018986669,2021-06-15T15:23:20
SETFNN50,INF200KA1598,2021-06-15,NSE,EQ,EQ,buy,1.000000,406.930000,80645956,1300000018986669,2021-06-15T15:23:20
SBIETFIT,INF200KA1S14,2021-06-16,NSE,EQ,EQ,buy,10.000000,289.990000,75240821,1300000000872000,2021-06-16T09:18:41
SBIETFIT,INF200KA1S14,2021-06-16,NSE,EQ,EQ,buy,10.000000,289.900000,75324515,1300000001132568,2021-06-16T09:20:33
SETFGOLD,INF200K01099,2021-06-16,NSE,EQ,EQ,buy,2.000000,4307.000000,75349165,1300000001206441,2021-06-16T09:21:08
SBIETFIT,INF200KA1S14,2021-06-16,NSE,EQ,EQ,buy,10.000000,289.900000,75394784,1300000001352167,2021-06-16T09:22:21
SBIETFIT,INF200KA1S14,2021-06-16,NSE,EQ,EQ,buy,10.000000,289.900000,75415869,1300000001417277,2021-06-16T09:22:56
SETFGOLD,INF200K01099,2021-06-16,NSE,EQ,EQ,buy,1.000000,4306.800000,75509929,1300000001723861,2021-06-16T09:25:47
SETFGOLD,INF200K01099,2021-06-16,NSE,EQ,EQ,buy,1.000000,4306.800000,75509928,1300000001723861,2021-06-16T09:25:47
SBIETFIT,INF200KA1S14,2021-06-16,NSE,EQ,EQ,sell,1.000000,287.850000,75535623,1300000001417620,2021-06-16T09:26:38
SBIETFIT,INF200KA1S14,2021-06-16,NSE,EQ,EQ,buy,10.000000,287.700000,75545872,1300000001843548,2021-06-16T09:26:58
SBIETFIT,INF200KA1S14,2021-06-16,NSE,EQ,EQ,buy,10.000000,287.700000,75561799,1300000001895174,2021-06-16T09:27:31
SBIETFIT,INF200KA1S14,2021-06-16,NSE,EQ,EQ,buy,10.000000,287.700000,75578006,1300000001946415,2021-06-16T09:28:04
SBIETFIT,INF200KA1S14,2021-06-16,NSE,EQ,EQ,buy,3.000000,287.500000,75994046,1300000002751090,2021-06-16T09:45:17
SBIETFIT,INF200KA1S14,2021-06-16,NSE,EQ,EQ,buy,20.000000,287.500000,76080901,1300000002885800,2021-06-16T09:47:53
SBIETFIT,INF200KA1S14,2021-06-16,NSE,EQ,EQ,buy,20.000000,287.500000,76080904,1300000003091469,2021-06-16T09:47:53
SBIETFIT,INF200KA1S14,2021-06-16,NSE,EQ,EQ,buy,20.000000,287.500000,76080899,1300000002797754,2021-06-16T09:47:53
SBIETFIT,INF200KA1S14,2021-06-16,NSE,EQ,EQ,buy,17.000000,287.500000,76080898,1300000002751090,2021-06-16T09:47:53
SBIETFIT,INF200KA1S14,2021-06-16,NSE,EQ,EQ,buy,20.000000,287.500000,76080903,1300000002979432,2021-06-16T09:47:53
SBIETFIT,INF200KA1S14,2021-06-16,NSE,EQ,EQ,buy,20.000000,287.500000,76080902,1300000002934049,2021-06-16T09:47:53
SBIETFIT,INF200KA1S14,2021-06-16,NSE,EQ,EQ,buy,20.000000,287.500000,76080900,1300000002838880,2021-06-16T09:47:53
SBICARD,INE018E01016,2021-06-16,NSE,EQ,EQ,buy,8.000000,1073.050000,78224099,1300000008652409,2021-06-16T12:07:13
SBICARD,INE018E01016,2021-06-16,NSE,EQ,EQ,buy,8.000000,1074.000000,78224078,1300000011535570,2021-06-16T12:07:13
HDFC,INE001A01036,2021-06-16,NSE,EQ,EQ,buy,20.000000,2516.000000,28795400,1100000010691620,2021-06-16T13:34:17
RELIANCE,INE002A01018,2021-06-16,NSE,EQ,EQ,buy,3.000000,2217.500000,79831020,1300000017868273,2021-06-16T14:43:05
SBIETFPB,INF200KA1S22,2021-06-16,NSE,EQ,EQ,buy,10.000000,183.000000,80602208,1300000003434452,2021-06-16T15:20:49
TVSMOTOR,INE494B01023,2021-06-17,BSE,EQ,A,buy,1.000000,615.000000,142100,1623900600017000971,2021-06-17T09:15:21
SETFNN50,INF200KA1598,2021-06-17,NSE,EQ,EQ,buy,10.000000,400.000000,75220997,1300000000800089,2021-06-17T09:18:21
SETFNIF50,INF200KA1FS1,2021-06-17,NSE,EQ,EQ,buy,30.000000,159.600000,75320756,1300000001146844,2021-06-17T09:20:52
SETFNN50,INF200KA1598,2021-06-17,NSE,EQ,EQ,buy,10.000000,398.000000,75987425,1300000001534906,2021-06-17T09:44:05
SETFNN50,INF200KA1598,2021-06-17,NSE,EQ,EQ,buy,10.000000,397.000000,76123062,1300000004086873,2021-06-17T09:51:08
TVSMOTOR,INE494B01023,2021-06-17,BSE,EQ,A,buy,10.000000,615.000000,6625500,1623900600017190399,2021-06-17T11:34:15
TVSMOTOR,INE494B01023,2021-06-17,NSE,EQ,EQ,buy,10.000000,614.000000,77767794,1300000010445779,2021-06-17T11:44:42
SBICARD,INE018E01016,2021-06-17,NSE,EQ,EQ,buy,5.000000,1058.950000,78127997,1300000011856741,2021-06-17T12:14:39
SETFNIFBK,INF200KA1580,2021-06-17,NSE,EQ,EQ,buy,10.000000,345.250000,78186211,1300000012019920,2021-06-17T12:18:19
SETFGOLD,INF200K01099,2021-06-17,NSE,EQ,EQ,buy,3.000000,4227.950000,78879520,1300000014565041,2021-06-17T13:16:49
BHARTIARTL,INE397D01024,2021-06-17,NSE,EQ,EQ,buy,10.000000,532.250000,4886954,1000000018800970,2021-06-17T13:52:17
ITC,INE154A01025,2021-06-17,NSE,EQ,EQ,buy,100.000000,205.900000,29541159,1100000012947320,2021-06-17T14:17:40
BHARTIARTL,INE397D01024,2021-06-17,NSE,EQ,EQ,buy,10.000000,529.000000,5395155,1000000020803556,2021-06-17T14:23:08
SETFNIFBK,INF200KA1580,2021-06-17,NSE,EQ,EQ,buy,10.000000,343.360000,79754551,1300000017210809,2021-06-17T14:23:18
IRCON,INE962Y01021,2021-06-17,NSE,EQ,EQ,buy,647.000000,47.250000,29676539,1100000013273163,2021-06-17T14:24:59
IRCON,INE962Y01021,2021-06-17,NSE,EQ,EQ,buy,353.000000,47.250000,29676540,1100000013273163,2021-06-17T14:24:59
TVSMOTOR,INE494B01023,2021-06-17,NSE,EQ,EQ,buy,10.000000,611.000000,79808464,1300000017968814,2021-06-17T14:25:15
TVSMOTOR,INE494B01023,2021-06-17,NSE,EQ,EQ,buy,10.000000,607.850000,79890836,1300000018302959,2021-06-17T14:29:37
SBICARD,INE018E01016,2021-06-17,NSE,EQ,EQ,buy,5.000000,1051.550000,80189114,1300000019577364,2021-06-17T14:49:25
HDFCBANK,INE040A01034,2021-06-17,NSE,EQ,EQ,buy,7.000000,1461.600000,30827711,1100000016183339,2021-06-17T15:22:28
SBICARD,INE018E01016,2021-06-18,NSE,EQ,EQ,buy,1.000000,999.000000,75038139,1300000000300982,2021-06-18T09:15:05
SETFGOLD,INF200K01099,2021-06-18,NSE,EQ,EQ,buy,3.000000,4219.400000,75097988,1300000000423998,2021-06-18T09:15:34
ITC,INE154A01025,2021-06-18,NSE,EQ,EQ,buy,100.000000,205.750000,25075860,1100000000346276,2021-06-18T09:15:50
SBICARD,INE018E01016,2021-06-18,NSE,EQ,EQ,buy,40.000000,989.800000,75139101,1300000000516352,2021-06-18T09:16:06
BHARTIARTL,INE397D01024,2021-06-18,NSE,EQ,EQ,buy,10.000000,528.700000,303853,1000000001038961,2021-06-18T09:19:37
IRCON,INE962Y01021,2021-06-18,NSE,EQ,EQ,buy,100.000000,47.200000,25258274,1100000000794394,2021-06-18T09:20:04
IRCON,INE962Y01021,2021-06-18,NSE,EQ,EQ,buy,100.000000,46.850000,25381255,1100000001225076,2021-06-18T09:23:25
SETFGOLD,INF200K01099,2021-06-18,NSE,EQ,EQ,buy,3.000000,4198.000000,75560684,1300000001879810,2021-06-18T09:25:56
SETFNN50,INF200KA1598,2021-06-18,NSE,EQ,EQ,buy,10.000000,397.480000,75608631,1300000001723370,2021-06-18T09:27:29
HDFCAMC,INE127D01025,2021-06-18,NSE,EQ,EQ,buy,5.000000,2982.450000,25651822,1100000002087839,2021-06-18T09:34:11
SETFGOLD,INF200K01099,2021-06-18,NSE,EQ,EQ,buy,3.000000,4197.000000,75929662,1300000003019236,2021-06-18T09:40:46
TVSMOTOR,INE494B01023,2021-06-18,NSE,EQ,EQ,buy,10.000000,608.500000,75939680,1300000001409535,2021-06-18T09:41:19
SETFGOLD,INF200K01099,2021-06-18,NSE,EQ,EQ,buy,3.000000,4195.000000,75947536,1300000003316565,2021-06-18T09:41:39
MOTHERSUMI,INE775A01035,2021-06-18,NSE,EQ,EQ,buy,10.000000,236.450000,50898934,1200000003151783,2021-06-18T09:42:54
MOTHERSUMI,INE775A01035,2021-06-18,NSE,EQ,EQ,buy,10.000000,236.450000,50898942,1200000003151783,2021-06-18T09:42:54
SETFNIFBK,INF200KA1580,2021-06-18,NSE,EQ,EQ,buy,10.000000,342.810000,76077861,1300000003694685,2021-06-18T09:46:14
ITC,INE154A01025,2021-06-18,NSE,EQ,EQ,buy,100.000000,204.650000,25959728,1100000003041629,2021-06-18T09:47:41
MOTHERSUMI,INE775A01035,2021-06-18,NSE,EQ,EQ,buy,20.000000,234.750000,51032063,1200000003614700,2021-06-18T09:48:08
TVSMOTOR,INE494B01023,2021-06-18,NSE,EQ,EQ,buy,10.000000,605.150000,76306466,1300000004577246,2021-06-18T09:53:44
BHARTIARTL,INE397D01024,2021-06-18,NSE,EQ,EQ,buy,10.000000,525.950000,1234387,1000000004475564,2021-06-18T09:54:06
HDFCAMC,INE127D01025,2021-06-18,NSE,EQ,EQ,buy,5.000000,2965.050000,26119253,1100000003501771,2021-06-18T09:54:11
IRCON,INE962Y01021,2021-06-18,NSE,EQ,EQ,buy,100.000000,46.600000,26204808,1100000003633660,2021-06-18T09:57:04
TVSMOTOR,INE494B01023,2021-06-18,NSE,EQ,EQ,buy,10.000000,602.000000,76425239,1300000004977898,2021-06-18T09:57:05
MOTHERSUMI,INE775A01035,2021-06-18,NSE,EQ,EQ,buy,20.000000,233.400000,51305917,1200000004566500,2021-06-18T09:57:34
SETFNIF50,INF200KA1FS1,2021-06-18,NSE,EQ,EQ,buy,30.000000,158.700000,76460491,1300000005081421,2021-06-18T09:57:56
ITC,INE154A01025,2021-06-18,NSE,EQ,EQ,buy,100.000000,203.500000,26286043,1100000003872619,2021-06-18T09:59:52
NMDC,INE584A01023,2021-06-18,NSE,EQ,EQ,buy,50.000000,174.000000,51879690,1200000006848819,2021-06-18T10:27:14
SETFNIFBK,INF200KA1580,2021-06-18,NSE,EQ,EQ,buy,10.000000,341.000000,77206820,1300000005400558,2021-06-18T10:28:54
HDFC,INE001A01036,2021-06-18,NSE,EQ,EQ,buy,5.000000,2472.000000,26836632,1100000005900706,2021-06-18T10:28:57
TVSMOTOR,INE494B01023,2021-06-18,NSE,EQ,EQ,buy,10.000000,601.000000,77342191,1300000008203062,2021-06-18T10:32:25
SBILIFE,INE123W01016,2021-06-18,NSE,EQ,EQ,buy,10.000000,965.100000,77381792,1300000008301223,2021-06-18T10:33:12
SBICARD,INE018E01016,2021-06-18,NSE,EQ,EQ,buy,50.000000,992.000000,77496342,1300000001714659,2021-06-18T10:37:54
SETFNN50,INF200KA1598,2021-06-18,NSE,EQ,EQ,buy,10.000000,394.560000,77666961,1300000008246751,2021-06-18T10:45:15
HDFC,INE001A01036,2021-06-18,NSE,EQ,EQ,buy,5.000000,2470.000000,27210821,1100000007065104,2021-06-18T10:46:40
SETFNN50,INF200KA1598,2021-06-18,NSE,EQ,EQ,buy,10.000000,392.050000,77701354,1300000009428030,2021-06-18T10:47:03
HDFC,INE001A01036,2021-06-18,NSE,EQ,EQ,buy,5.000000,2467.000000,27231409,1100000007115850,2021-06-18T10:47:58
IRCON,INE962Y01021,2021-06-18,NSE,EQ,EQ,buy,100.000000,46.250000,27264373,1100000006834700,2021-06-18T10:49:22
COALINDIA,INE522F01014,2021-06-18,NSE,EQ,EQ,buy,30.000000,147.250000,2410320,1000000009292876,2021-06-18T10:49:36
HDFC,INE001A01036,2021-06-18,NSE,EQ,EQ,buy,1.000000,2465.000000,27280840,1100000007272360,2021-06-18T10:49:59
HDFC,INE001A01036,2021-06-18,NSE,EQ,EQ,buy,4.000000,2465.000000,27281199,1100000007272360,2021-06-18T10:50:00
TVSMOTOR,INE494B01023,2021-06-18,NSE,EQ,EQ,buy,10.000000,597.900000,77807753,1300000009855577,2021-06-18T10:50:54
NMDC,INE584A01023,2021-06-18,NSE,EQ,EQ,buy,50.000000,173.050000,52423351,1200000008775662,2021-06-18T10:51:35
MOTHERSUMI,INE775A01035,2021-06-18,NSE,EQ,EQ,buy,20.000000,232.250000,52468359,1200000008920549,2021-06-18T10:53:16
BHARTIARTL,INE397D01024,2021-06-18,NSE,EQ,EQ,buy,1.000000,523.300000,2539670,1000000009720876,2021-06-18T10:54:23
BHARTIARTL,INE397D01024,2021-06-18,NSE,EQ,EQ,buy,9.000000,523.300000,2539824,1000000009720876,2021-06-18T10:54:24
COALINDIA,INE522F01014,2021-06-18,NSE,EQ,EQ,buy,30.000000,146.400000,2553179,1000000009771284,2021-06-18T10:54:53
MOTHERSUMI,INE775A01035,2021-06-18,NSE,EQ,EQ,buy,20.000000,231.000000,52560342,1200000009183043,2021-06-18T10:56:19
SETFGOLD,INF200K01099,2021-06-18,NSE,EQ,EQ,buy,3.000000,4194.000000,77999718,1300000009543521,2021-06-18T10:56:44
SETFNIFBK,INF200KA1580,2021-06-18,NSE,EQ,EQ,buy,4.000000,340.000000,78014100,1300000010507205,2021-06-18T10:57:06
SETFNIFBK,INF200KA1580,2021-06-18,NSE,EQ,EQ,buy,6.000000,340.000000,78014101,1300000010507205,2021-06-18T10:57:06
SETFNIF50,INF200KA1FS1,2021-06-18,NSE,EQ,EQ,buy,30.000000,157.900000,78035901,1300000010554412,2021-06-18T10:57:33
SBILIFE,INE123W01016,2021-06-18,NSE,EQ,EQ,buy,10.000000,957.750000,78039006,1300000010564250,2021-06-18T10:57:39
SBICARD,INE018E01016,2021-06-18,NSE,EQ,EQ,buy,1.000000,984.200000,78056373,1300000010611743,2021-06-18T10:58:01
SBICARD,INE018E01016,2021-06-18,NSE,EQ,EQ,buy,1.000000,984.200000,78056374,1300000010611743,2021-06-18T10:58:01
SBICARD,INE018E01016,2021-06-18,NSE,EQ,EQ,buy,38.000000,984.200000,78056434,1300000010611743,2021-06-18T10:58:01
BHARTIARTL,INE397D01024,2021-06-18,NSE,EQ,EQ,buy,6.000000,520.400000,2658033,1000000010128925,2021-06-18T10:58:07
BHARTIARTL,INE397D01024,2021-06-18,NSE,EQ,EQ,buy,4.000000,520.400000,2658032,1000000010128925,2021-06-18T10:58:07
IRCON,INE962Y01021,2021-06-18,NSE,EQ,EQ,buy,100.000000,46.000000,27539029,1100000007737263,2021-06-18T10:58:49
SETFNIFBK,INF200KA1580,2021-06-18,NSE,EQ,EQ,buy,10.000000,338.050000,78126036,1300000010815252,2021-06-18T10:59:27
MOTHERSUMI,INE775A01035,2021-06-18,NSE,EQ,EQ,buy,20.000000,229.600000,52677134,1200000009528302,2021-06-18T10:59:32
IRCON,INE962Y01021,2021-06-18,NSE,EQ,EQ,buy,100.000000,45.700000,27569577,1100000008058147,2021-06-18T10:59:33
MOTHERSUMI,INE775A01035,2021-06-18,NSE,EQ,EQ,buy,20.000000,228.000000,52697917,1200000009584376,2021-06-18T10:59:59
HDFCBANK,INE040A01034,2021-06-18,NSE,EQ,EQ,buy,7.000000,1460.000000,27666633,1100000008369404,2021-06-18T11:02:17
HDFCAMC,INE127D01025,2021-06-18,NSE,EQ,EQ,buy,5.000000,2922.650000,27738761,1100000008614772,2021-06-18T11:05:03
HDFCBANK,INE040A01034,2021-06-18,NSE,EQ,EQ,buy,7.000000,1459.000000,27772077,1100000008724161,2021-06-18T11:06:37
HDFC,INE001A01036,2021-06-18,NSE,EQ,EQ,buy,5.000000,2462.000000,28268641,1100000010446421,2021-06-18T11:34:32
HDFCBANK,INE040A01034,2021-06-18,NSE,EQ,EQ,buy,7.000000,1458.000000,28341033,1100000010646955,2021-06-18T11:40:05
HDFC,INE001A01036,2021-06-18,NSE,EQ,EQ,buy,5.000000,2459.000000,28364763,1100000010803890,2021-06-18T11:41:50
HDFC,INE001A01036,2021-06-18,NSE,EQ,EQ,buy,5.000000,2456.900000,28703505,1100000011962402,2021-06-18T12:10:46
HDFC,INE001A01036,2021-06-18,NSE,EQ,EQ,buy,5.000000,2454.950000,28725992,1100000012037094,2021-06-18T12:12:36
HDFCBANK,INE040A01034,2021-06-18,NSE,EQ,EQ,buy,7.000000,1456.000000,28732037,1100000012055663,2021-06-18T12:13:14
NMDC,INE584A01023,2021-06-18,NSE,EQ,EQ,sell,9.000000,178.000000,55075599,1200000011999980,2021-06-18T14:12:35
NMDC,INE584A01023,2021-06-18,NSE,EQ,EQ,sell,91.000000,178.000000,55075600,1200000011999980,2021-06-18T14:12:35
ONGC,INE213A01029,2021-06-18,NSE,EQ,EQ,buy,30.000000,119.150000,55737416,1200000021712409,2021-06-18T15:01:18
HCLTECH,INE860A01027,2021-06-18,NSE,EQ,EQ,buy,9.000000,975.000000,30875908,1100000018782202,2021-06-18T15:03:32
HCLTECH,INE860A01027,2021-06-18,NSE,EQ,EQ,buy,1.000000,975.000000,30875907,1100000018782202,2021-06-18T15:03:32
MOTHERSUMI,INE775A01035,2021-06-18,NSE,EQ,EQ,sell,70.000000,237.350000,55985055,1200000016295612,2021-06-18T15:09:59
MOTHERSUMI,INE775A01035,2021-06-18,NSE,EQ,EQ,sell,70.000000,237.350000,55985054,1200000016223754,2021-06-18T15:09:59
IRCON,INE962Y01021,2021-06-21,NSE,EQ,EQ,buy,53.000000,45.800000,25014270,1100000000173019,2021-06-21T09:07:34
IRCON,INE962Y01021,2021-06-21,NSE,EQ,EQ,buy,1.000000,45.800000,25014271,1100000000173019,2021-06-21T09:07:34
IRCON,INE962Y01021,2021-06-21,NSE,EQ,EQ,buy,2.000000,45.800000,25014272,1100000000173019,2021-06-21T09:07:34
IRCON,INE962Y01021,2021-06-21,NSE,EQ,EQ,buy,18.000000,45.800000,25014273,1100000000173019,2021-06-21T09:07:34
IRCON,INE962Y01021,2021-06-21,NSE,EQ,EQ,buy,1.000000,45.800000,25014274,1100000000173019,2021-06-21T09:07:34
IRCON,INE962Y01021,2021-06-21,NSE,EQ,EQ,buy,25.000000,45.800000,25014275,1100000000173019,2021-06-21T09:07:34
ITC,INE154A01025,2021-06-21,NSE,EQ,EQ,buy,100.000000,203.100000,25010387,1100000000172594,2021-06-21T09:07:34
HDFC,INE001A01036,2021-06-21,NSE,EQ,EQ,buy,5.000000,2459.000000,25124219,1100000000444523,2021-06-21T09:16:24
SETFGOLD,INF200K01099,2021-06-21,NSE,EQ,EQ,buy,1.000000,4193.000000,75168920,1300000000584850,2021-06-21T09:16:54
SETFGOLD,INF200K01099,2021-06-21,NSE,EQ,EQ,buy,1.000000,4193.000000,75168921,1300000000584850,2021-06-21T09:16:54
SETFGOLD,INF200K01099,2021-06-21,NSE,EQ,EQ,buy,1.000000,4193.950000,75168922,1300000000584850,2021-06-21T09:16:54
HCLTECH,INE860A01027,2021-06-21,NSE,EQ,EQ,buy,10.000000,965.100000,25155073,1100000000348335,2021-06-21T09:17:01
MOTHERSUMI,INE775A01035,2021-06-21,NSE,EQ,EQ,buy,20.000000,231.850000,50155120,1200000000565246,2021-06-21T09:17:15
SBICARD,INE018E01016,2021-06-21,NSE,EQ,EQ,buy,2.000000,995.850000,75243668,1300000000845225,2021-06-21T09:18:36
SBICARD,INE018E01016,2021-06-21,NSE,EQ,EQ,buy,8.000000,995.900000,75243669,1300000000845225,2021-06-21T09:18:36
SETFNN50,INF200KA1598,2021-06-21,NSE,EQ,EQ,buy,20.000000,392.950000,75262179,1300000000899837,2021-06-21T09:19:06
COALINDIA,INE522F01014,2021-06-21,NSE,EQ,EQ,buy,30.000000,144.000000,352710,1000000000711130,2021-06-21T09:20:08
GAIL,INE129A01019,2021-06-21,NSE,EQ,EQ,buy,100.000000,152.700000,26516324,1100000004774970,2021-06-21T10:18:01
SETFGOLD,INF200K01099,2021-06-21,NSE,EQ,EQ,buy,1.000000,4172.000000,77017265,1300000007443635,2021-06-21T10:42:57
SETFGOLD,INF200K01099,2021-06-21,NSE,EQ,EQ,buy,2.000000,4172.000000,77067570,1300000007443635,2021-06-21T10:46:42
SETFGOLD,INF200K01099,2021-06-21,NSE,EQ,EQ,buy,3.000000,4170.000000,77186653,1300000008349998,2021-06-21T10:55:41
SETFGOLD,INF200K01099,2021-06-21,NSE,EQ,EQ,buy,3.000000,4161.000000,77327893,1300000008940464,2021-06-21T11:05:14
GAIL,INE129A01019,2021-06-21,NSE,EQ,EQ,buy,100.000000,151.850000,27287771,1100000007291713,2021-06-21T11:16:27
TVSMOTOR,INE494B01023,2021-06-21,NSE,EQ,EQ,sell,86.000000,621.950000,78638781,1300000009713701,2021-06-21T13:05:12
TVSMOTOR,INE494B01023,2021-06-21,NSE,EQ,EQ,sell,5.000000,621.950000,78638780,1300000009713701,2021-06-21T13:05:12
BALKRISIND,INE787D01026,2021-06-21,NSE,EQ,EQ,buy,9.000000,2246.000000,4055201,1000000016086344,2021-06-21T13:22:55
TVSMOTOR,INE494B01023,2021-06-21,NSE,EQ,EQ,buy,9.000000,618.750000,79091790,1300000016665551,2021-06-21T13:45:14
TVSMOTOR,INE494B01023,2021-06-21,NSE,EQ,EQ,buy,1.000000,618.750000,79091789,1300000016665551,2021-06-21T13:45:14
BALKRISIND,INE787D01026,2021-06-21,NSE,EQ,EQ,buy,1.000000,2246.000000,4397435,1000000016086344,2021-06-21T13:49:43
BALKRISIND,INE787D01026,2021-06-21,NSE,EQ,EQ,buy,10.000000,2245.000000,4419517,1000000017633316,2021-06-21T13:51:00
MOTHERSUMI,INE775A01035,2021-06-21,NSE,EQ,EQ,sell,10.000000,238.800000,54291533,1200000003729020,2021-06-21T14:53:41
GAIL,INE129A01019,2021-06-21,NSE,EQ,EQ,sell,9.000000,155.650000,29447084,1100000012041887,2021-06-21T14:57:36
GAIL,INE129A01019,2021-06-21,NSE,EQ,EQ,sell,91.000000,155.650000,29447424,1100000012041887,2021-06-21T14:57:37
SETFNN50,INF200KA1598,2021-06-21,NSE,EQ,EQ,sell,1.000000,401.400000,80004998,1300000007671840,2021-06-21T14:59:05
SETFNN50,INF200KA1598,2021-06-21,NSE,EQ,EQ,sell,1.000000,401.400000,80016961,1300000007671840,2021-06-21T15:00:00
SETFNN50,INF200KA1598,2021-06-21,NSE,EQ,EQ,sell,5.000000,401.400000,80016931,1300000007671840,2021-06-21T15:00:00
COALINDIA,INE522F01014,2021-06-21,NSE,EQ,EQ,sell,15.000000,146.950000,5360450,1000000015150866,2021-06-21T15:02:08
HDFC,INE001A01036,2021-06-21,NSE,EQ,EQ,sell,2.000000,2508.750000,29557640,1100000004308665,2021-06-21T15:05:19
SETFNN50,INF200KA1598,2021-06-21,NSE,EQ,EQ,sell,3.000000,401.400000,80120815,1300000007671840,2021-06-21T15:06:04
SETFGOLD,INF200K01099,2021-06-21,NSE,EQ,EQ,sell,5.000000,4199.500000,80608602,1300000018561394,2021-06-21T15:27:51
SETFGOLD,INF200K01099,2021-06-22,NSE,EQ,EQ,buy,1.000000,4207.200000,75057742,1300000000380317,2021-06-22T09:15:21
SETFGOLD,INF200K01099,2021-06-22,NSE,EQ,EQ,buy,2.000000,4207.200000,75140837,1300000000380317,2021-06-22T09:16:43
ONGC,INE213A01029,2021-06-22,NSE,EQ,EQ,sell,30.000000,123.550000,50325298,1200000000808503,2021-06-22T09:21:19
SBICARD,INE018E01016,2021-06-22,NSE,EQ,EQ,buy,10.000000,999.950000,75367598,1300000001287496,2021-06-22T09:22:21
TVSMOTOR,INE494B01023,2021-06-22,NSE,EQ,EQ,sell,10.000000,625.000000,75677156,1300000000589604,2021-06-22T09:33:31
IRCON,INE962Y01021,2021-06-22,NSE,EQ,EQ,sell,700.000000,49.000000,25713258,1100000002009330,2021-06-22T09:35:20
MOTHERSUMI,INE775A01035,2021-06-22,NSE,EQ,EQ,sell,10.000000,240.300000,50726119,1200000000804506,2021-06-22T09:35:44
BALKRISIND,INE787D01026,2021-06-22,NSE,EQ,EQ,buy,1.000000,2231.550000,994741,1000000003264838,2021-06-22T09:39:24
BALKRISIND,INE787D01026,2021-06-22,NSE,EQ,EQ,buy,9.000000,2231.550000,994842,1000000003264838,2021-06-22T09:39:24
IRCON,INE962Y01021,2021-06-22,NSE,EQ,EQ,buy,200.000000,48.750000,25839772,1100000002458158,2021-06-22T09:41:11
TVSMOTOR,INE494B01023,2021-06-22,NSE,EQ,EQ,buy,10.000000,621.200000,75981889,1300000003369155,2021-06-22T09:47:04
IRCON,INE962Y01021,2021-06-22,NSE,EQ,EQ,buy,200.000000,48.500000,26154459,1100000003249594,2021-06-22T09:57:48
IRCON,INE962Y01021,2021-06-22,NSE,EQ,EQ,buy,110.000000,48.650000,26211820,1100000003495421,2021-06-22T10:01:25
IRCON,INE962Y01021,2021-06-22,NSE,EQ,EQ,buy,100.000000,48.650000,26213001,1100000003495421,2021-06-22T10:01:28
IRCON,INE962Y01021,2021-06-22,NSE,EQ,EQ,buy,25.000000,48.650000,26213073,1100000003495421,2021-06-22T10:01:29
IRCON,INE962Y01021,2021-06-22,NSE,EQ,EQ,buy,186.000000,48.650000,26213174,1100000003495421,2021-06-22T10:01:29
SETFNIF50,INF200KA1FS1,2021-06-22,NSE,EQ,EQ,sell,2.000000,161.580000,76532143,1300000000641689,2021-06-22T10:18:56
SETFNIF50,INF200KA1FS1,2021-06-22,NSE,EQ,EQ,sell,100.000000,161.580000,76539755,1300000000641689,2021-06-22T10:19:23
SETFNIF50,INF200KA1FS1,2021-06-22,NSE,EQ,EQ,sell,59.000000,161.580000,76540508,1300000000641689,2021-06-22T10:19:25
SETFNIF50,INF200KA1FS1,2021-06-22,NSE,EQ,EQ,sell,30.000000,161.580000,76540999,1300000000641689,2021-06-22T10:19:26
ITC,INE154A01025,2021-06-22,NSE,EQ,EQ,buy,96.000000,205.050000,26895089,1100000005573105,2021-06-22T10:51:50
IRCON,INE962Y01021,2021-06-22,NSE,EQ,EQ,buy,421.000000,48.400000,26899135,1100000005518739,2021-06-22T10:52:03
ONGC,INE213A01029,2021-06-22,NSE,EQ,EQ,buy,168.000000,122.900000,51996085,1200000006865854,2021-06-22T10:53:20
SETFGOLD,INF200K01099,2021-06-22,NSE,EQ,EQ,buy,4.000000,4185.000000,77106440,1300000007360186,2021-06-22T11:01:04
MOTHERSUMI,INE775A01035,2021-06-22,NSE,EQ,EQ,buy,6.000000,239.050000,52260834,1200000007907895,2021-06-22T11:16:55
MOTHERSUMI,INE775A01035,2021-06-22,NSE,EQ,EQ,buy,11.000000,239.050000,52260825,1200000007907895,2021-06-22T11:16:55
MOTHERSUMI,INE775A01035,2021-06-22,NSE,EQ,EQ,buy,30.000000,239.050000,52260903,1200000007907895,2021-06-22T11:16:55
MOTHERSUMI,INE775A01035,2021-06-22,NSE,EQ,EQ,buy,37.000000,239.050000,52261389,1200000007907895,2021-06-22T11:16:58
SETFGOLD,INF200K01099,2021-06-22,NSE,EQ,EQ,buy,4.000000,4183.000000,77424437,1300000007392209,2021-06-22T11:26:34
IRCON,INE962Y01021,2021-06-22,NSE,EQ,EQ,buy,421.000000,48.150000,27383452,1100000006622996,2021-06-22T11:33:18
SBICARD,INE018E01016,2021-06-22,NSE,EQ,EQ,buy,19.000000,994.000000,77500585,1300000008792781,2021-06-22T11:33:26
SBILIFE,INE123W01016,2021-06-22,NSE,EQ,EQ,sell,20.000000,1005.050000,77526434,1300000008068743,2021-06-22T11:35:38
SBICARD,INE018E01016,2021-06-22,NSE,EQ,EQ,buy,19.000000,993.000000,77575757,1300000009015185,2021-06-22T11:40:08
SBICARD,INE018E01016,2021-06-22,NSE,EQ,EQ,buy,19.000000,992.000000,77576670,1300000009068409,2021-06-22T11:40:11
BALKRISIND,INE787D01026,2021-06-22,NSE,EQ,EQ,buy,8.000000,2219.000000,3216201,1000000011785361,2021-06-22T12:23:48
SBICARD,INE018E01016,2021-06-22,NSE,EQ,EQ,buy,19.000000,988.100000,79669862,1300000017185922,2021-06-22T14:47:52
SBICARD,INE018E01016,2021-06-23,NSE,EQ,EQ,buy,20.000000,954.350000,75098126,1300000000464410,2021-06-23T09:15:46
SBICARD,INE018E01016,2021-06-23,NSE,EQ,EQ,buy,20.000000,947.100000,75469398,1300000001502055,2021-06-23T09:22:40
ITC,INE154A01025,2021-06-23,NSE,EQ,EQ,buy,96.000000,204.850000,25356855,1100000001180728,2021-06-23T09:22:57
SBICARD,INE018E01016,2021-06-23,NSE,EQ,EQ,buy,20.000000,941.650000,76053962,1300000003355288,2021-06-23T09:40:02
MOTHERSUMI,INE775A01035,2021-06-23,NSE,EQ,EQ,sell,84.000000,243.400000,50841825,1200000002783485,2021-06-23T09:44:11
BALKRISIND,INE787D01026,2021-06-23,NSE,EQ,EQ,buy,9.000000,2188.200000,1702731,1000000006979732,2021-06-23T10:27:42
IRCON,INE962Y01021,2021-06-23,NSE,EQ,EQ,sell,2663.000000,49.000000,27918186,1100000006517878,2021-06-23T12:10:51
TCS,INE467B01029,2021-06-23,NSE,EQ,EQ,buy,6.000000,3263.600000,79180890,1300000014579616,2021-06-23T13:15:26
BALKRISIND,INE787D01026,2021-06-23,NSE,EQ,EQ,sell,9.000000,2210.000000,3649896,1000000010553183,2021-06-23T13:47:14
SBICARD,INE018E01016,2021-06-23,NSE,EQ,EQ,buy,20.000000,936.650000,80055862,1300000018160284,2021-06-23T14:28:35
SBIETFPB,INF200KA1S22,2021-06-23,NSE,EQ,EQ,buy,108.000000,182.010000,80242373,1300000017599927,2021-06-23T14:40:25
NMDC,INE584A01023,2021-06-23,NSE,EQ,EQ,buy,25.000000,179.050000,54029653,1200000017697888,2021-06-23T14:47:33
NMDC,INE584A01023,2021-06-23,NSE,EQ,EQ,buy,86.000000,179.050000,54029655,1200000017697888,2021-06-23T14:47:33
ITC,INE154A01025,2021-06-23,NSE,EQ,EQ,buy,96.000000,203.850000,29987979,1100000016146261,2021-06-23T15:10:27
HDFCAMC,INE127D01025,2021-06-23,NSE,EQ,EQ,buy,3.000000,2941.100000,30237168,1100000016611885,2021-06-23T15:21:24
HDFCAMC,INE127D01025,2021-06-23,NSE,EQ,EQ,buy,2.000000,2941.100000,30240406,1100000016611885,2021-06-23T15:21:27
HDFCAMC,INE127D01025,2021-06-23,NSE,EQ,EQ,buy,1.000000,2941.100000,30241042,1100000016611885,2021-06-23T15:21:28
ITC,INE154A01025,2021-06-24,NSE,EQ,EQ,buy,96.000000,204.200000,25111760,1100000000500665,2021-06-24T09:17:03
NMDC,INE584A01023,2021-06-24,NSE,EQ,EQ,buy,111.000000,178.100000,50121861,1200000000526264,2021-06-24T09:17:10
NMDC,INE584A01023,2021-06-24,NSE,EQ,EQ,buy,111.000000,176.600000,50595828,1200000002238284,2021-06-24T09:37:28
RELIANCE,INE002A01018,2021-06-24,NSE,EQ,EQ,buy,9.000000,2195.100000,76572318,1300000004938179,2021-06-24T10:06:40
MOTHERSUMI,INE775A01035,2021-06-24,NSE,EQ,EQ,buy,83.000000,236.550000,51005677,1200000003890732,2021-06-24T10:06:59
NMDC,INE584A01023,2021-06-24,NSE,EQ,EQ,buy,111.000000,175.000000,51040834,1200000004036344,2021-06-24T10:09:49
HDFCBANK,INE040A01034,2021-06-24,NSE,EQ,EQ,sell,35.000000,1498.000000,26458675,1100000004251666,2021-06-24T10:34:51
RELIANCE,INE002A01018,2021-06-24,NSE,EQ,EQ,buy,9.000000,2182.450000,77746940,1300000007992489,2021-06-24T10:55:27
MOTHERSUMI,INE775A01035,2021-06-24,NSE,EQ,EQ,buy,15.000000,235.250000,51482481,1200000006039327,2021-06-24T10:56:34
MOTHERSUMI,INE775A01035,2021-06-24,NSE,EQ,EQ,buy,56.000000,235.250000,51484791,1200000006039327,2021-06-24T10:56:48
MOTHERSUMI,INE775A01035,2021-06-24,NSE,EQ,EQ,buy,12.000000,235.250000,51487070,1200000006039327,2021-06-24T10:56:57
HDFCAMC,INE127D01025,2021-06-24,NSE,EQ,EQ,buy,6.000000,2937.450000,27328114,1100000007866351,2021-06-24T12:00:33
TCS,INE467B01029,2021-06-24,NSE,EQ,EQ,sell,6.000000,3361.800000,79054401,1300000007848218,2021-06-24T12:37:05
RELIANCE,INE002A01018,2021-06-24,NSE,EQ,EQ,buy,9.000000,2170.050000,79952018,1300000016136998,2021-06-24T13:57:07
NMDC,INE584A01023,2021-06-24,NSE,EQ,EQ,buy,85.000000,175.650000,53046768,1200000013621641,2021-06-24T14:03:05
NMDC,INE584A01023,2021-06-24,NSE,EQ,EQ,buy,3.000000,175.650000,53046922,1200000013621641,2021-06-24T14:03:07
NMDC,INE584A01023,2021-06-24,NSE,EQ,EQ,buy,23.000000,175.650000,53047115,1200000013621641,2021-06-24T14:03:09
HDFCAMC,INE127D01025,2021-06-24,NSE,EQ,EQ,buy,6.000000,2920.000000,28891004,1100000013853817,2021-06-24T14:36:52
RELIANCE,INE002A01018,2021-06-24,NSE,EQ,EQ,buy,9.000000,2167.950000,80977480,1300000019863512,2021-06-24T15:00:26
RELIANCE,INE002A01018,2021-06-24,NSE,EQ,EQ,buy,9.000000,2150.900000,81116184,1300000020236874,2021-06-24T15:05:49
NMDC,INE584A01023,2021-06-24,NSE,EQ,EQ,buy,10.000000,175.400000,53625648,1200000016528706,2021-06-24T15:06:16
NMDC,INE584A01023,2021-06-24,NSE,EQ,EQ,buy,8.000000,175.400000,53625647,1200000016528706,2021-06-24T15:06:16
NMDC,INE584A01023,2021-06-24,NSE,EQ,EQ,buy,93.000000,175.350000,53625646,1200000016528706,2021-06-24T15:06:16
SBIETFIT,INF200KA1S14,2021-06-24,NSE,EQ,EQ,sell,1.000000,295.190000,81544930,1300000020381541,2021-06-24T15:21:12
SBIETFIT,INF200KA1S14,2021-06-24,NSE,EQ,EQ,sell,207.000000,294.500000,81814137,1300000020381541,2021-06-24T15:29:39
RELIANCE,INE002A01018,2021-06-25,NSE,EQ,EQ,buy,7.000000,2136.600000,75099809,1300000000428670,2021-06-25T09:15:45
RELIANCE,INE002A01018,2021-06-25,NSE,EQ,EQ,buy,1.000000,2136.550000,75099808,1300000000428670,2021-06-25T09:15:45
RELIANCE,INE002A01018,2021-06-25,NSE,EQ,EQ,buy,1.000000,2136.550000,75099807,1300000000428670,2021-06-25T09:15:45
RELIANCE,INE002A01018,2021-06-25,NSE,EQ,EQ,buy,9.000000,2125.350000,75396746,1300000001271367,2021-06-25T09:21:13
TVSMOTOR,INE494B01023,2021-06-25,NSE,EQ,EQ,sell,10.000000,624.100000,75500528,1300000000602636,2021-06-25T09:23:44
RELIANCE,INE002A01018,2021-06-25,NSE,EQ,EQ,buy,9.000000,2114.100000,75555313,1300000001750214,2021-06-25T09:25:00
HCLTECH,INE860A01027,2021-06-25,NSE,EQ,EQ,sell,20.000000,1005.000000,25541302,1100000000427134,2021-06-25T09:36:38
RELIANCE,INE002A01018,2021-06-25,NSE,EQ,EQ,buy,9.000000,2102.350000,76289831,1300000004135202,2021-06-25T09:50:27
RELIANCE,INE002A01018,2021-06-25,NSE,EQ,EQ,buy,9.000000,2087.300000,76663814,1300000005267399,2021-06-25T10:04:56
SETFNIFBK,INF200KA1580,2021-06-25,NSE,EQ,EQ,sell,60.000000,352.800000,79647682,1300000001949158,2021-06-25T14:00:08
NTPC,INE733E01010,2021-06-25,NSE,EQ,EQ,buy,171.000000,115.900000,54083879,1200000016096192,2021-06-25T15:18:25
ADANIPORTS,INE742F01042,2021-06-28,NSE,EQ,EQ,buy,26.000000,715.000000,143590,1000000000545303,2021-06-28T09:17:00
NMDC,INE584A01023,2021-06-28,NSE,EQ,EQ,sell,366.000000,180.000000,50234242,1200000000694284,2021-06-28T09:19:10
RELIANCE,INE002A01018,2021-06-28,NSE,EQ,EQ,buy,9.000000,2114.900000,75375678,1300000001276974,2021-06-28T09:21:48
ADANIPORTS,INE742F01042,2021-06-28,NSE,EQ,EQ,buy,6.000000,713.950000,360952,1000000001315736,2021-06-28T09:23:31
ADANIPORTS,INE742F01042,2021-06-28,NSE,EQ,EQ,buy,20.000000,713.950000,360951,1000000001315736,2021-06-28T09:23:31
NMDC,INE584A01023,2021-06-28,NSE,EQ,EQ,sell,300.000000,181.000000,50519144,1200000001562631,2021-06-28T09:28:59
RELIANCE,INE002A01018,2021-06-28,NSE,EQ,EQ,buy,9.000000,2102.850000,76752079,1300000005985793,2021-06-28T10:35:33
IDBI,INE008A01015,2021-06-28,NSE,EQ,EQ,buy,519.000000,38.200000,26649781,1100000005457085,2021-06-28T10:42:03
RELIANCE,INE002A01018,2021-06-28,NSE,EQ,EQ,buy,9.000000,2099.000000,76949752,1300000006675138,2021-06-28T10:49:49
RELIANCE,INE002A01018,2021-06-28,NSE,EQ,EQ,buy,9.000000,2098.000000,77039975,1300000006902161,2021-06-28T10:57:11
ITC,INE154A01025,2021-06-28,NSE,EQ,EQ,buy,95.000000,203.700000,27895050,1100000009581621,2021-06-28T12:51:57
MOTHERSUMI,INE775A01035,2021-06-28,NSE,EQ,EQ,buy,1.000000,234.600000,53716589,1200000013539754,2021-06-28T14:00:12
MOTHERSUMI,INE775A01035,2021-06-28,NSE,EQ,EQ,buy,82.000000,234.600000,53717008,1200000013539754,2021-06-28T14:00:15
RELIANCE,INE002A01018,2021-06-28,NSE,EQ,EQ,buy,9.000000,2093.150000,78981163,1300000013722825,2021-06-28T14:09:53
RELIANCE,INE002A01018,2021-06-28,NSE,EQ,EQ,buy,9.000000,2081.100000,79783347,1300000016178056,2021-06-28T15:08:29
COLPAL,INE259A01022,2021-06-28,NSE,EQ,EQ,buy,11.000000,1667.500000,5420106,1000000018949973,2021-06-28T15:28:32
RELIANCE,INE002A01018,2021-06-29,NSE,EQ,EQ,buy,9.000000,2097.850000,75128424,1300000000534134,2021-06-29T09:16:24
ITC,INE154A01025,2021-06-29,NSE,EQ,EQ,buy,95.000000,204.300000,25199395,1100000000673805,2021-06-29T09:17:29
KOTAKBANK,INE237A01028,2021-06-29,NSE,EQ,EQ,buy,11.000000,1715.800000,51047904,1200000003590900,2021-06-29T10:01:43
ONGC,INE213A01029,2021-06-29,NSE,EQ,EQ,buy,164.000000,120.600000,51509275,1200000005222490,2021-06-29T10:33:16
KOTAKBANK,INE237A01028,2021-06-29,NSE,EQ,EQ,buy,11.000000,1706.800000,51580803,1200000005455859,2021-06-29T10:38:15
KOTAKBANK,INE237A01028,2021-06-29,NSE,EQ,EQ,buy,11.000000,1702.050000,51648563,1200000005683775,2021-06-29T10:42:47
ONGC,INE213A01029,2021-06-29,NSE,EQ,EQ,buy,164.000000,119.950000,51777108,1200000006112007,2021-06-29T10:52:33
COALINDIA,INE522F01014,2021-06-29,NSE,EQ,EQ,buy,135.000000,145.500000,3396628,1000000013038711,2021-06-29T14:09:27
IDFCFIRSTB,INE092T01019,2021-06-29,NSE,EQ,EQ,buy,353.000000,56.200000,28948329,1100000010966703,2021-06-29T14:17:31
RELIANCE,INE002A01018,2021-06-29,NSE,EQ,EQ,buy,9.000000,2086.550000,79124957,1300000013616988,2021-06-29T14:19:29
ONGC,INE213A01029,2021-06-29,NSE,EQ,EQ,buy,44.000000,119.500000,54144041,1200000014696650,2021-06-29T14:51:02
ONGC,INE213A01029,2021-06-29,NSE,EQ,EQ,buy,100.000000,119.500000,54144042,1200000014696650,2021-06-29T14:51:02
ONGC,INE213A01029,2021-06-29,NSE,EQ,EQ,buy,20.000000,119.500000,54144043,1200000014696650,2021-06-29T14:51:02
ADANIPORTS,INE742F01042,2021-06-29,NSE,EQ,EQ,buy,26.000000,710.400000,3850791,1000000014778693,2021-06-29T14:51:17
IDFCFIRSTB,INE092T01019,2021-06-29,NSE,EQ,EQ,buy,353.000000,55.800000,29436893,1100000012296306,2021-06-29T14:51:20
COALINDIA,INE522F01014,2021-06-29,NSE,EQ,EQ,buy,137.000000,144.600000,3999335,1000000015272617,2021-06-29T15:01:48
BHARTIARTL,INE397D01024,2021-06-29,NSE,EQ,EQ,buy,2.000000,524.450000,4307707,1000000016002862,2021-06-29T15:13:32
BHARTIARTL,INE397D01024,2021-06-29,NSE,EQ,EQ,buy,35.000000,524.450000,4308406,1000000016002862,2021-06-29T15:13:33
RELIANCE,INE002A01018,2021-06-30,NSE,EQ,EQ,buy,9.000000,2099.000000,75104573,1300000000345253,2021-06-30T09:15:53
IDFCFIRSTB,INE092T01019,2021-06-30,NSE,EQ,EQ,buy,353.000000,55.650000,25111548,1100000000448603,2021-06-30T09:16:21
ONGC,INE213A01029,2021-06-30,NSE,EQ,EQ,buy,1.000000,119.900000,50124155,1200000000414505,2021-06-30T09:16:59
ONGC,INE213A01029,2021-06-30,NSE,EQ,EQ,buy,10.000000,119.900000,50124330,1200000000414505,2021-06-30T09:16:59
ONGC,INE213A01029,2021-06-30,NSE,EQ,EQ,buy,153.000000,119.900000,50124331,1200000000414505,2021-06-30T09:16:59
ITC,INE154A01025,2021-06-30,NSE,EQ,EQ,buy,97.000000,203.750000,25150801,1100000000560293,2021-06-30T09:17:16
RELIANCE,INE002A01018,2021-06-30,NSE,EQ,EQ,buy,9.000000,2096.000000,75391332,1300000001310264,2021-06-30T09:22:30
GAIL,INE129A01019,2021-06-30,NSE,EQ,EQ,buy,130.000000,150.600000,25335310,1100000001061528,2021-06-30T09:23:06
ADANIPORTS,INE742F01042,2021-06-30,NSE,EQ,EQ,buy,14.000000,709.500000,431469,1000000001662825,2021-06-30T09:28:14
ADANIPORTS,INE742F01042,2021-06-30,NSE,EQ,EQ,buy,12.000000,709.500000,431545,1000000001662825,2021-06-30T09:28:15
IDFCFIRSTB,INE092T01019,2021-06-30,NSE,EQ,EQ,buy,353.000000,55.300000,25483651,1100000001480514,2021-06-30T09:28:29
RELIANCE,INE002A01018,2021-06-30,NSE,EQ,EQ,buy,9.000000,2094.000000,75598195,1300000001951417,2021-06-30T09:29:46
IDFCFIRSTB,INE092T01019,2021-06-30,NSE,EQ,EQ,buy,353.000000,55.000000,25546801,1100000001657018,2021-06-30T09:30:55
GAIL,INE129A01019,2021-06-30,NSE,EQ,EQ,buy,130.000000,149.700000,25600807,1100000001822530,2021-06-30T09:33:23
ADANIPORTS,INE742F01042,2021-06-30,NSE,EQ,EQ,buy,26.000000,704.500000,1282480,1000000004763168,2021-06-30T10:21:29
IDFCFIRSTB,INE092T01019,2021-06-30,NSE,EQ,EQ,buy,353.000000,54.850000,26452743,1100000004236155,2021-06-30T10:21:47
HDFCAMC,INE127D01025,2021-06-30,NSE,EQ,EQ,buy,6.000000,2926.000000,26494051,1100000004228565,2021-06-30T10:25:05
THYROCARE,INE594H01019,2021-06-30,NSE,EQ,EQ,buy,15.000000,1305.350000,76558642,1300000005047549,2021-06-30T10:25:13
HDFCAMC,INE127D01025,2021-06-30,NSE,EQ,EQ,buy,6.000000,2920.000000,26858782,1100000005424457,2021-06-30T10:56:57
IDFCFIRSTB,INE092T01019,2021-06-30,NSE,EQ,EQ,buy,353.000000,54.600000,27423085,1100000002693163,2021-06-30T11:47:21
IDFCFIRSTB,INE092T01019,2021-06-30,NSE,EQ,EQ,buy,353.000000,54.550000,27565608,1100000007489242,2021-06-30T12:00:56
RELIANCE,INE002A01018,2021-06-30,NSE,EQ,EQ,sell,27.000000,2111.500000,77704617,1300000009065595,2021-06-30T12:02:40
RELIANCE,INE002A01018,2021-06-30,NSE,EQ,EQ,buy,2.000000,2109.350000,77718884,1300000009132415,2021-06-30T12:03:50
RELIANCE,INE002A01018,2021-06-30,NSE,EQ,EQ,buy,7.000000,2109.350000,77718919,1300000009132415,2021-06-30T12:03:51
ADANIPORTS,INE742F01042,2021-06-30,NSE,EQ,EQ,sell,52.000000,711.500000,2361307,1000000008967717,2021-06-30T12:05:05
HDFCAMC,INE127D01025,2021-06-30,NSE,EQ,EQ,buy,3.000000,2919.000000,27612623,1100000007634203,2021-06-30T12:05:26
HDFCAMC,INE127D01025,2021-06-30,NSE,EQ,EQ,buy,2.000000,2919.000000,27617466,1100000007634203,2021-06-30T12:06:01
HDFCAMC,INE127D01025,2021-06-30,NSE,EQ,EQ,buy,1.000000,2919.000000,27617470,1100000007634203,2021-06-30T12:06:01
HDFCAMC,INE127D01025,2021-06-30,NSE,EQ,EQ,buy,6.000000,2917.000000,27662008,1100000007795353,2021-06-30T12:10:28
HDFCAMC,INE127D01025,2021-06-30,NSE,EQ,EQ,buy,6.000000,2915.000000,27691579,1100000007893542,2021-06-30T12:13:03
RELIANCE,INE002A01018,2021-06-30,NSE,EQ,EQ,sell,9.000000,2117.750000,77909656,1300000009771282,2021-06-30T12:20:58
MOTHERSUMI,INE775A01035,2021-06-30,NSE,EQ,EQ,sell,79.000000,242.400000,52810035,1200000000266793,2021-06-30T12:32:52
MOTHERSUMI,INE775A01035,2021-06-30,NSE,EQ,EQ,sell,5.000000,242.400000,52810032,1200000000266793,2021-06-30T12:32:52
MOTHERSUMI,INE775A01035,2021-06-30,NSE,EQ,EQ,sell,162.000000,242.400000,52810031,1200000000266793,2021-06-30T12:32:52
MOTHERSUMI,INE775A01035,2021-06-30,NSE,EQ,EQ,sell,1.000000,242.400000,52810034,1200000000266793,2021-06-30T12:32:52
MOTHERSUMI,INE775A01035,2021-06-30,NSE,EQ,EQ,sell,2.000000,242.400000,52810033,1200000000266793,2021-06-30T12:32:52
GAIL,INE129A01019,2021-06-30,NSE,EQ,EQ,sell,2.000000,151.450000,28443034,1100000010267138,2021-06-30T13:35:14
GAIL,INE129A01019,2021-06-30,NSE,EQ,EQ,sell,229.000000,151.400000,28443035,1100000010267138,2021-06-30T13:35:14
GAIL,INE129A01019,2021-06-30,NSE,EQ,EQ,sell,5.000000,151.400000,28443036,1100000010267138,2021-06-30T13:35:14
GAIL,INE129A01019,2021-06-30,NSE,EQ,EQ,sell,24.000000,151.400000,28443037,1100000010267138,2021-06-30T13:35:14
GAIL,INE129A01019,2021-06-30,NSE,EQ,EQ,buy,130.000000,151.050000,28514162,1100000010466298,2021-06-30T13:42:07
ONGC,INE213A01029,2021-06-30,NSE,EQ,EQ,buy,164.000000,119.300000,53601085,1200000013458696,2021-06-30T13:53:12
THYROCARE,INE594H01019,2021-06-30,NSE,EQ,EQ,sell,15.000000,1315.000000,78852071,1300000012209395,2021-06-30T13:54:18
CASTROLIND,INE172A01027,2021-06-30,NSE,EQ,EQ,buy,138.000000,143.200000,3725077,1000000014247122,2021-06-30T14:30:35
HDFC,INE001A01036,2021-06-30,NSE,EQ,EQ,buy,8.000000,2475.500000,29746105,1100000013721240,2021-06-30T15:10:36
ONGC,INE213A01029,2021-06-30,NSE,EQ,EQ,buy,164.000000,118.050000,54795029,1200000017059008,2021-06-30T15:10:44
IDBI,INE008A01015,2021-06-30,NSE,EQ,EQ,buy,519.000000,38.000000,29755072,1100000013734596,2021-06-30T15:10:53
HDFCLIFE,INE795G01014,2021-06-30,NSE,EQ,EQ,buy,25.000000,685.450000,29771891,1100000013757904,2021-06-30T15:11:25
GAIL,INE129A01019,2021-06-30,NSE,EQ,EQ,buy,130.000000,149.650000,29796569,1100000013805033,2021-06-30T15:12:27
HDFCLIFE,INE795G01014,2021-06-30,NSE,EQ,EQ,buy,4.000000,685.450000,29799276,1100000013757904,2021-06-30T15:12:33
ITC,INE154A01025,2021-06-30,NSE,EQ,EQ,buy,97.000000,202.600000,29887539,1100000013775490,2021-06-30T15:15:46
IDBI,INE008A01015,2021-06-30,NSE,EQ,EQ,buy,319.000000,37.800000,30238779,1100000014460896,2021-06-30T15:27:50
IDBI,INE008A01015,2021-06-30,NSE,EQ,EQ,buy,200.000000,37.800000,30238762,1100000014460896,2021-06-30T15:27:50
ONGC,INE213A01029,2021-07-01,NSE,EQ,EQ,buy,164.000000,117.950000,50122644,1200000000486216,2021-07-01T09:16:51
HDFCAMC,INE127D01025,2021-07-01,NSE,EQ,EQ,buy,2.000000,2911.150000,25133184,1100000000502820,2021-07-01T09:16:53
HDFCAMC,INE127D01025,2021-07-01,NSE,EQ,EQ,buy,4.000000,2911.150000,25133788,1100000000502820,2021-07-01T09:16:54
IDFCFIRSTB,INE092T01019,2021-07-01,NSE,EQ,EQ,buy,353.000000,54.400000,25135563,1100000000516348,2021-07-01T09:16:56
ITC,INE154A01025,2021-07-01,NSE,EQ,EQ,buy,6.000000,203.050000,25139314,1100000000528779,2021-07-01T09:17:02
ITC,INE154A01025,2021-07-01,NSE,EQ,EQ,buy,91.000000,203.050000,25139313,1100000000528779,2021-07-01T09:17:02
ADANIPORTS,INE742F01042,2021-07-01,NSE,EQ,EQ,buy,26.000000,703.300000,158317,1000000000671696,2021-07-01T09:18:15
IOC,INE242A01010,2021-07-01,NSE,EQ,EQ,buy,184.000000,107.800000,25190872,1100000000669275,2021-07-01T09:18:22
THYROCARE,INE594H01019,2021-07-01,NSE,EQ,EQ,buy,15.000000,1309.200000,75782324,1300000002493193,2021-07-01T09:35:43
HDFC,INE001A01036,2021-07-01,NSE,EQ,EQ,buy,8.000000,2476.550000,25691495,1100000002121244,2021-07-01T09:38:08
HDFCAMC,INE127D01025,2021-07-01,NSE,EQ,EQ,buy,1.000000,2895.900000,25747707,1100000002356339,2021-07-01T09:41:02
HDFCAMC,INE127D01025,2021-07-01,NSE,EQ,EQ,buy,5.000000,2895.900000,25747715,1100000002356339,2021-07-01T09:41:02
RELIANCE,INE002A01018,2021-07-01,NSE,EQ,EQ,buy,9.000000,2109.150000,77126588,1300000007313589,2021-07-01T11:10:59
CASTROLIND,INE172A01027,2021-07-01,NSE,EQ,EQ,buy,9.000000,142.250000,1770546,1000000007084178,2021-07-01T11:23:18
CASTROLIND,INE172A01027,2021-07-01,NSE,EQ,EQ,buy,8.000000,142.250000,1770545,1000000007084178,2021-07-01T11:23:18
CASTROLIND,INE172A01027,2021-07-01,NSE,EQ,EQ,buy,121.000000,142.250000,1770547,1000000007084178,2021-07-01T11:23:18
HDFC,INE001A01036,2021-07-01,NSE,EQ,EQ,buy,8.000000,2462.850000,27018272,1100000006069985,2021-07-01T11:31:53
SBIETFPB,INF200KA1S22,2021-07-01,NSE,EQ,EQ,buy,1.000000,181.950000,77584251,1300000008909877,2021-07-01T11:58:52
IDBI,INE008A01015,2021-07-01,NSE,EQ,EQ,buy,80.000000,37.800000,27724451,1100000008022368,2021-07-01T12:48:17
IDBI,INE008A01015,2021-07-01,NSE,EQ,EQ,buy,439.000000,37.800000,27973512,1100000008022368,2021-07-01T13:17:08
BHARTIARTL,INE397D01024,2021-07-01,NSE,EQ,EQ,buy,37.000000,523.300000,3312724,1000000013311250,2021-07-01T14:30:48
SHREECEM,INE070A01015,2021-07-01,NSE,EQ,EQ,buy,1.000000,27000.000000,79067548,1300000014191672,2021-07-01T14:39:14
SHREECEM,INE070A01015,2021-07-01,NSE,EQ,EQ,buy,1.000000,26990.000000,79146255,1300000014457743,2021-07-01T14:46:10
RELIANCE,INE002A01018,2021-07-01,NSE,EQ,EQ,buy,9.000000,2098.150000,79268472,1300000014834696,2021-07-01T14:56:23
HDFC,INE001A01036,2021-07-01,NSE,EQ,EQ,buy,8.000000,2456.350000,29100982,1100000011760486,2021-07-01T15:01:29
IDFCFIRSTB,INE092T01019,2021-07-01,NSE,EQ,EQ,buy,353.000000,54.100000,29281986,1100000011945121,2021-07-01T15:11:32
SHREECEM,INE070A01015,2021-07-01,NSE,EQ,EQ,buy,1.000000,26981.000000,79570614,1300000015164760,2021-07-01T15:14:03
HDFCAMC,INE127D01025,2021-07-02,NSE,EQ,EQ,buy,6.000000,2890.000000,25106672,1100000000398651,2021-07-02T09:16:12
IDFCFIRSTB,INE092T01019,2021-07-02,NSE,EQ,EQ,buy,300.000000,54.200000,25117937,1100000000447502,2021-07-02T09:16:26
IDFCFIRSTB,INE092T01019,2021-07-02,NSE,EQ,EQ,buy,53.000000,54.200000,25119098,1100000000447502,2021-07-02T09:16:27
HDFC,INE001A01036,2021-07-02,NSE,EQ,EQ,buy,8.000000,2460.350000,25240235,1100000000791817,2021-07-02T09:19:41
BALKRISIND,INE787D01026,2021-07-02,NSE,EQ,EQ,sell,38.000000,2300.000000,465873,1000000001673609,2021-07-02T09:30:20
ITC,INE154A01025,2021-07-02,NSE,EQ,EQ,buy,97.000000,202.900000,26570938,1100000004353477,2021-07-02T10:25:12
WIPRO,INE075A01022,2021-07-02,NSE,EQ,EQ,buy,13.000000,534.450000,77207391,1300000006466316,2021-07-02T11:07:24
WIPRO,INE075A01022,2021-07-02,NSE,EQ,EQ,buy,24.000000,534.450000,77207390,1300000006466316,2021-07-02T11:07:24
ONGC,INE213A01029,2021-07-02,NSE,EQ,EQ,buy,164.000000,118.450000,53200327,1200000011353801,2021-07-02T13:17:06
IDFCFIRSTB,INE092T01019,2021-07-02,NSE,EQ,EQ,buy,353.000000,53.650000,29004389,1100000011051541,2021-07-02T14:03:36
HDFC,INE001A01036,2021-07-02,NSE,EQ,EQ,sell,8.000000,2480.000000,30259712,1100000013500971,2021-07-02T15:26:58
SBIETFPB,INF200KA1S22,2021-07-05,NSE,EQ,EQ,sell,187.000000,179.300000,75100339,1300000000437128,2021-07-05T09:15:43
SBIETFPB,INF200KA1S22,2021-07-05,NSE,EQ,EQ,sell,1.000000,182.000000,75100338,1300000000437128,2021-07-05T09:15:43
SBIETFPB,INF200KA1S22,2021-07-05,NSE,EQ,EQ,sell,1.000000,184.000000,75100337,1300000000437128,2021-07-05T09:15:43
HDFCAMC,INE127D01025,2021-07-05,NSE,EQ,EQ,buy,6.000000,2895.500000,25634519,1100000001947507,2021-07-05T09:30:07
RELIANCE,INE002A01018,2021-07-05,BSE,EQ,A,sell,17.000000,2142.000000,1514200,1625455800042112210,2021-07-05T09:40:22
RELIANCE,INE002A01018,2021-07-05,BSE,EQ,A,sell,1.000000,2142.000000,1514400,1625455800042112210,2021-07-05T09:40:22
CASTROLIND,INE172A01027,2021-07-05,NSE,EQ,EQ,sell,276.000000,147.750000,844045,1000000002311557,2021-07-05T09:55:00
RELIANCE,INE002A01018,2021-07-05,BSE,EQ,A,sell,20.000000,2150.000000,3586300,1625455800042260673,2021-07-05T10:59:11
NMDC,INE584A01023,2021-07-05,NSE,EQ,EQ,buy,111.000000,178.050000,52787238,1200000008691275,2021-07-05T12:03:36
NMDC,INE584A01023,2021-07-05,NSE,EQ,EQ,buy,111.000000,176.250000,53579510,1200000011418188,2021-07-05T13:26:17
HDFCLIFE,INE795G01014,2021-07-05,NSE,EQ,EQ,buy,29.000000,678.450000,30625862,1100000015360300,2021-07-05T15:05:47
ONGC,INE213A01029,2021-07-06,NSE,EQ,EQ,sell,1480.000000,124.300000,50215426,1200000000732930,2021-07-06T09:18:35
HDFCAMC,INE127D01025,2021-07-06,NSE,EQ,EQ,buy,6.000000,2878.500000,25314857,1100000001023833,2021-07-06T09:20:18
NMDC,INE584A01023,2021-07-06,NSE,EQ,EQ,buy,111.000000,172.550000,50283954,1200000000918297,2021-07-06T09:20:33
SHREECEM,INE070A01015,2021-07-06,NSE,EQ,EQ,sell,3.000000,27400.000000,75674174,1300000001984169,2021-07-06T09:34:01
HDFCAMC,INE127D01025,2021-07-06,NSE,EQ,EQ,sell,6.000000,2925.000000,26341855,1100000003790725,2021-07-06T09:58:00
KOTAKBANK,INE237A01028,2021-07-06,NSE,EQ,EQ,sell,3.000000,1759.950000,54694660,1200000004225768,2021-07-06T14:58:11
KOTAKBANK,INE237A01028,2021-07-06,NSE,EQ,EQ,sell,1.000000,1759.950000,54694917,1200000004225768,2021-07-06T14:58:12
KOTAKBANK,INE237A01028,2021-07-06,NSE,EQ,EQ,sell,1.000000,1759.950000,54694908,1200000004225768,2021-07-06T14:58:12
KOTAKBANK,INE237A01028,2021-07-06,NSE,EQ,EQ,sell,28.000000,1759.950000,54695049,1200000004225768,2021-07-06T14:58:13
SBICARD,INE018E01016,2021-07-06,NSE,EQ,EQ,sell,51.000000,1000.000000,81094120,1300000003982216,2021-07-06T15:02:44
TATAMOTORS,INE155A01022,2021-07-07,NSE,EQ,EQ,buy,61.000000,307.250000,75212179,1300000000647382,2021-07-07T09:16:47
MOTHERSUMI,INE775A01035,2021-07-07,NSE,EQ,EQ,buy,83.000000,233.450000,50142560,1200000000538471,2021-07-07T09:17:08
NMDC,INE584A01023,2021-07-07,NSE,EQ,EQ,buy,111.000000,167.300000,50145811,1200000000549612,2021-07-07T09:17:12
ONGC,INE213A01029,2021-07-07,NSE,EQ,EQ,buy,100.000000,118.400000,50167482,1200000000544421,2021-07-07T09:17:40
ONGC,INE213A01029,2021-07-07,NSE,EQ,EQ,buy,64.000000,118.400000,50167784,1200000000544421,2021-07-07T09:17:41
ITC,INE154A01025,2021-07-07,NSE,EQ,EQ,buy,97.000000,202.750000,25173779,1100000000639214,2021-07-07T09:17:42
TCS,INE467B01029,2021-07-07,NSE,EQ,EQ,buy,6.000000,3243.500000,76383642,1300000003969289,2021-07-07T09:51:26
WIPRO,INE075A01022,2021-07-07,NSE,EQ,EQ,buy,24.000000,528.850000,76399210,1300000003048548,2021-07-07T09:52:06
WIPRO,INE075A01022,2021-07-07,NSE,EQ,EQ,buy,13.000000,528.850000,76399209,1300000003048548,2021-07-07T09:52:06
IRCON,INE962Y01021,2021-07-07,NSE,EQ,EQ,buy,2.000000,46.950000,26399170,1100000004274068,2021-07-07T10:06:24
IRCON,INE962Y01021,2021-07-07,NSE,EQ,EQ,buy,100.000000,46.950000,26399955,1100000004274068,2021-07-07T10:06:26
IRCON,INE962Y01021,2021-07-07,NSE,EQ,EQ,buy,100.000000,46.950000,26399956,1100000004274068,2021-07-07T10:06:26
IRCON,INE962Y01021,2021-07-07,NSE,EQ,EQ,buy,219.000000,46.950000,26401627,1100000004274068,2021-07-07T10:06:33
COLPAL,INE259A01022,2021-07-07,NSE,EQ,EQ,sell,11.000000,1717.800000,1317148,1000000001902587,2021-07-07T10:32:49
TATAMOTORS,INE155A01022,2021-07-07,NSE,EQ,EQ,sell,61.000000,316.000000,78160949,1300000009088345,2021-07-07T11:47:45
HDFCAMC,INE127D01025,2021-07-07,NSE,EQ,EQ,buy,6.000000,2893.500000,28928278,1100000011325556,2021-07-07T13:33:51
SETFGOLD,INF200K01099,2021-07-07,NSE,EQ,EQ,sell,3.000000,4276.000000,79837317,1300000012952156,2021-07-07T14:07:30
ONGC,INE213A01029,2021-07-07,NSE,EQ,EQ,sell,164.000000,119.800000,53783423,1200000012701946,2021-07-07T14:38:36
ONGC,INE213A01029,2021-07-07,NSE,EQ,EQ,buy,164.000000,119.850000,53789965,1200000012871950,2021-07-07T14:39:11
ONGC,INE213A01029,2021-07-07,NSE,EQ,EQ,sell,164.000000,120.000000,54095035,1200000013414479,2021-07-07T15:05:02
ONGC,INE213A01029,2021-07-07,NSE,EQ,EQ,buy,164.000000,119.850000,54129675,1200000013859059,2021-07-07T15:07:24
SETFGOLD,INF200K01099,2021-07-07,NSE,EQ,EQ,sell,16.000000,4276.000000,81494298,1300000012952156,2021-07-07T15:29:04
SETFGOLD,INF200K01099,2021-07-07,NSE,EQ,EQ,sell,16.000000,4276.000000,81494300,1300000012952156,2021-07-07T15:29:04
SETFGOLD,INF200K01099,2021-07-07,NSE,EQ,EQ,sell,7.000000,4276.000000,81494302,1300000012952156,2021-07-07T15:29:04
ONGC,INE213A01029,2021-07-08,NSE,EQ,EQ,buy,164.000000,118.650000,50475049,1200000001609124,2021-07-08T09:29:42
NMDC,INE584A01023,2021-07-08,NSE,EQ,EQ,buy,111.000000,168.450000,50475651,1200000001610394,2021-07-08T09:29:43
TATAMOTORS,INE155A01022,2021-07-08,NSE,EQ,EQ,buy,6.000000,312.850000,75733514,1300000002227936,2021-07-08T09:33:46
TATAMOTORS,INE155A01022,2021-07-08,NSE,EQ,EQ,buy,1.000000,312.850000,75733608,1300000002227936,2021-07-08T09:33:47
TATAMOTORS,INE155A01022,2021-07-08,NSE,EQ,EQ,buy,54.000000,312.850000,75733628,1300000002227936,2021-07-08T09:33:47
ITC,INE154A01025,2021-07-08,NSE,EQ,EQ,buy,97.000000,202.600000,27832267,1100000008565313,2021-07-08T11:55:02
TVSMOTOR,INE494B01023,2021-07-08,NSE,EQ,EQ,buy,32.000000,599.550000,78885754,1300000012683567,2021-07-08T13:22:36
TATAMOTORS,INE155A01022,2021-07-08,NSE,EQ,EQ,buy,61.000000,309.800000,78896931,1300000012729767,2021-07-08T13:23:40
GAIL,INE129A01019,2021-07-08,NSE,EQ,EQ,buy,7.000000,149.400000,28974259,1100000011788716,2021-07-08T13:30:41
GAIL,INE129A01019,2021-07-08,NSE,EQ,EQ,buy,100.000000,149.400000,28974377,1100000011788716,2021-07-08T13:30:42
GAIL,INE129A01019,2021-07-08,NSE,EQ,EQ,buy,23.000000,149.400000,28974383,1100000011788716,2021-07-08T13:30:42
ONGC,INE213A01029,2021-07-08,NSE,EQ,EQ,buy,164.000000,117.800000,53045849,1200000011337572,2021-07-08T13:35:54
MOTHERSUMI,INE775A01035,2021-07-08,NSE,EQ,EQ,buy,71.000000,231.650000,53054181,1200000011375487,2021-07-08T13:36:51
MOTHERSUMI,INE775A01035,2021-07-08,NSE,EQ,EQ,buy,12.000000,231.600000,53054180,1200000011375487,2021-07-08T13:36:51
TATAMOTORS,INE155A01022,2021-07-08,NSE,EQ,EQ,buy,61.000000,306.800000,79234155,1300000013794024,2021-07-08T13:50:34
IDBI,INE008A01015,2021-07-08,NSE,EQ,EQ,buy,63.000000,37.650000,29271852,1100000012963577,2021-07-08T13:57:34
IDBI,INE008A01015,2021-07-08,NSE,EQ,EQ,buy,456.000000,37.650000,29271851,1100000012963577,2021-07-08T13:57:34
RELIANCE,INE002A01018,2021-07-08,NSE,EQ,EQ,buy,9.000000,2091.650000,79451371,1300000014426325,2021-07-08T14:01:15
IRCON,INE962Y01021,2021-07-08,NSE,EQ,EQ,buy,31.000000,46.500000,29449382,1100000013502380,2021-07-08T14:07:59
IRCON,INE962Y01021,2021-07-08,NSE,EQ,EQ,buy,390.000000,46.500000,29449383,1100000013502380,2021-07-08T14:07:59
NMDC,INE584A01023,2021-07-08,NSE,EQ,EQ,buy,111.000000,167.250000,53365788,1200000012588792,2021-07-08T14:08:15
MOTHERSUMI,INE775A01035,2021-07-08,NSE,EQ,EQ,buy,83.000000,229.950000,53427963,1200000012876957,2021-07-08T14:14:28
JSWSTEEL,INE019A01038,2021-07-08,NSE,EQ,EQ,buy,29.000000,668.600000,53655156,1200000013758756,2021-07-08T14:35:59
ONGC,INE213A01029,2021-07-08,NSE,EQ,EQ,buy,164.000000,116.950000,53740045,1200000014026860,2021-07-08T14:42:21
TATAMOTORS,INE155A01022,2021-07-09,NSE,EQ,EQ,buy,46.000000,303.450000,75065254,1300000000366002,2021-07-09T09:15:26
TATAMOTORS,INE155A01022,2021-07-09,NSE,EQ,EQ,buy,15.000000,303.400000,75065253,1300000000366002,2021-07-09T09:15:26
NMDC,INE584A01023,2021-07-09,NSE,EQ,EQ,buy,111.000000,167.900000,50043746,1200000000289001,2021-07-09T09:15:37
IDBI,INE008A01015,2021-07-09,NSE,EQ,EQ,buy,321.000000,37.500000,25061371,1100000000358903,2021-07-09T09:15:46
IDBI,INE008A01015,2021-07-09,NSE,EQ,EQ,buy,198.000000,37.500000,25061372,1100000000358903,2021-07-09T09:15:46
ITC,INE154A01025,2021-07-09,NSE,EQ,EQ,buy,97.000000,202.000000,25062726,1100000000362723,2021-07-09T09:15:48
GAIL,INE129A01019,2021-07-09,NSE,EQ,EQ,buy,130.000000,148.700000,25122041,1100000000548727,2021-07-09T09:17:14
M&M,INE101A01026,2021-07-09,NSE,EQ,EQ,buy,25.000000,768.100000,50106768,1200000000509288,2021-07-09T09:17:28
RELIANCE,INE002A01018,2021-07-09,NSE,EQ,EQ,buy,9.000000,2080.000000,75219308,1300000000823997,2021-07-09T09:18:41
ONGC,INE213A01029,2021-07-09,NSE,EQ,EQ,buy,164.000000,117.000000,50210264,1200000000826208,2021-07-09T09:21:07
WIPRO,INE075A01022,2021-07-09,NSE,EQ,EQ,buy,37.000000,526.300000,75343910,1300000000653848,2021-07-09T09:22:04
JSWSTEEL,INE019A01038,2021-07-09,NSE,EQ,EQ,sell,29.000000,675.350000,50239796,1200000000978757,2021-07-09T09:22:12
BPCL,INE029A01011,2021-07-09,NSE,EQ,EQ,buy,43.000000,454.150000,286809,1000000001073362,2021-07-09T09:24:02
ADANIPORTS,INE742F01042,2021-07-09,NSE,EQ,EQ,sell,104.000000,715.700000,404846,1000000001579097,2021-07-09T09:29:41
TATAMOTORS,INE155A01022,2021-07-09,NSE,EQ,EQ,sell,61.000000,306.000000,75735212,1300000002412329,2021-07-09T09:36:17
THYROCARE,INE594H01019,2021-07-09,BSE,EQ,A,sell,15.000000,1328.000000,994500,1625801400003007491,2021-07-09T09:56:50
ONGC,INE213A01029,2021-07-09,NSE,EQ,EQ,sell,164.000000,117.650000,50922017,1200000003651322,2021-07-09T10:01:47
MOTHERSUMI,INE775A01035,2021-07-09,NSE,EQ,EQ,sell,249.000000,234.000000,51018974,1200000001969768,2021-07-09T10:09:54
BAJAJ-AUTO,INE917I01010,2021-07-09,NSE,EQ,EQ,buy,2.000000,4007.700000,1661049,1000000007005339,2021-07-09T11:32:31
BAJAJ-AUTO,INE917I01010,2021-07-09,NSE,EQ,EQ,buy,2.000000,4007.700000,1662596,1000000007005339,2021-07-09T11:32:42
TATAMOTORS,INE155A01022,2021-07-09,NSE,EQ,EQ,buy,61.000000,305.350000,77599626,1300000008904293,2021-07-09T11:45:13
IDBI,INE008A01015,2021-07-09,NSE,EQ,EQ,sell,195.000000,39.300000,28775223,1100000012338056,2021-07-09T14:21:07
IDBI,INE008A01015,2021-07-09,NSE,EQ,EQ,sell,500.000000,39.300000,28775280,1100000012338056,2021-07-09T14:21:08
IDBI,INE008A01015,2021-07-09,NSE,EQ,EQ,sell,1000.000000,39.300000,28775299,1100000012338056,2021-07-09T14:21:08
IDBI,INE008A01015,2021-07-09,NSE,EQ,EQ,sell,1.000000,39.300000,28775415,1100000012338056,2021-07-09T14:21:08
IDBI,INE008A01015,2021-07-09,NSE,EQ,EQ,sell,65.000000,39.300000,28775419,1100000012338056,2021-07-09T14:21:08
IDBI,INE008A01015,2021-07-09,NSE,EQ,EQ,sell,20.000000,39.300000,28775495,1100000012338056,2021-07-09T14:21:08
IDBI,INE008A01015,2021-07-09,NSE,EQ,EQ,sell,1333.000000,39.300000,28775496,1100000012338056,2021-07-09T14:21:08
SETFNN50,INF200KA1598,2021-07-09,NSE,EQ,EQ,sell,90.000000,404.000000,79402355,1300000001297098,2021-07-09T14:43:39
RELIANCE,INE002A01018,2021-07-12,NSE,EQ,EQ,buy,9.000000,2082.450000,75838157,1300000002556555,2021-07-12T09:40:25
MOTHERSUMI,INE775A01035,2021-07-12,NSE,EQ,EQ,buy,83.000000,235.500000,50745118,1200000002260218,2021-07-12T09:40:40
NMDC,INE584A01023,2021-07-12,NSE,EQ,EQ,buy,111.000000,168.000000,50745326,1200000002261600,2021-07-12T09:40:40
GAIL,INE129A01019,2021-07-12,NSE,EQ,EQ,buy,130.000000,148.450000,25945404,1100000002680205,2021-07-12T09:40:43
ADANIPORTS,INE742F01042,2021-07-12,NSE,EQ,EQ,buy,15.000000,725.600000,989809,1000000003615274,2021-07-12T10:12:38
ADANIPORTS,INE742F01042,2021-07-12,NSE,EQ,EQ,buy,12.000000,725.600000,989872,1000000003615274,2021-07-12T10:12:39
CASTROLIND,INE172A01027,2021-07-12,NSE,EQ,EQ,buy,113.000000,143.250000,1391477,1000000005099351,2021-07-12T10:53:00
CASTROLIND,INE172A01027,2021-07-12,NSE,EQ,EQ,buy,25.000000,143.250000,1393814,1000000005099351,2021-07-12T10:53:20
MOTHERSUMI,INE775A01035,2021-07-12,NSE,EQ,EQ,sell,83.000000,237.750000,51750888,1200000005446939,2021-07-12T10:53:35
RELIANCE,INE002A01018,2021-07-12,NSE,EQ,EQ,sell,9.000000,2096.000000,77022185,1300000005996192,2021-07-12T10:56:00
BAJAJ-AUTO,INE917I01010,2021-07-12,NSE,EQ,EQ,buy,4.000000,3985.150000,2413157,1000000008990440,2021-07-12T13:08:02
NMDC,INE584A01023,2021-07-12,NSE,EQ,EQ,buy,111.000000,167.100000,53071226,1200000009992868,2021-07-12T13:10:47
BPCL,INE029A01011,2021-07-12,NSE,EQ,EQ,buy,43.000000,451.800000,2459916,1000000009239992,2021-07-12T13:11:35
ADANIPORTS,INE742F01042,2021-07-12,NSE,EQ,EQ,buy,27.000000,720.500000,2520257,1000000009456509,2021-07-12T13:15:11
IOC,INE242A01010,2021-07-12,NSE,EQ,EQ,buy,184.000000,107.100000,29139823,1100000011292904,2021-07-12T13:15:27
TCS,INE467B01029,2021-07-12,NSE,EQ,EQ,buy,6.000000,3207.000000,78697412,1300000011183411,2021-07-12T13:16:45
TCS,INE467B01029,2021-07-12,NSE,EQ,EQ,buy,6.000000,3205.000000,79127899,1300000012810522,2021-07-12T13:56:00
HDFC,INE001A01036,2021-07-12,NSE,EQ,EQ,buy,8.000000,2473.000000,29646777,1100000013115818,2021-07-12T13:57:57
BAJAJ-AUTO,INE917I01010,2021-07-12,NSE,EQ,EQ,buy,4.000000,3963.000000,2963851,1000000011494698,2021-07-12T14:11:20
HDFC,INE001A01036,2021-07-12,NSE,EQ,EQ,buy,8.000000,2467.000000,30078126,1100000014390901,2021-07-12T14:31:53
HDFC,INE001A01036,2021-07-12,NSE,EQ,EQ,buy,8.000000,2465.000000,30096128,1100000014440787,2021-07-12T14:33:26
BAJAJ-AUTO,INE917I01010,2021-07-12,NSE,EQ,EQ,buy,4.000000,3953.000000,3182516,1000000012216244,2021-07-12T14:35:47
TCS,INE467B01029,2021-07-12,NSE,EQ,EQ,buy,6.000000,3196.000000,79566678,1300000014160355,2021-07-12T14:37:01
CASTROLIND,INE172A01027,2021-07-12,NSE,EQ,EQ,buy,138.000000,142.400000,3269168,1000000012277371,2021-07-12T14:44:05
NTPC,INE733E01010,2021-07-13,NSE,EQ,EQ,sell,171.000000,119.500000,50354854,1200000001320179,2021-07-13T09:26:41
IRCON,INE962Y01021,2021-07-13,NSE,EQ,EQ,sell,842.000000,47.300000,25641341,1100000001789884,2021-07-13T09:30:40
M&M,INE101A01026,2021-07-13,NSE,EQ,EQ,sell,25.000000,780.000000,50472252,1200000001489390,2021-07-13T09:31:28
COALINDIA,INE522F01014,2021-07-13,NSE,EQ,EQ,sell,347.000000,147.500000,445092,1000000001357102,2021-07-13T09:31:47
ADANIPORTS,INE742F01042,2021-07-13,NSE,EQ,EQ,buy,27.000000,707.700000,1091746,1000000003823055,2021-07-13T10:12:55
HDFC,INE001A01036,2021-07-13,NSE,EQ,EQ,sell,4.000000,2518.000000,26546720,1100000004419154,2021-07-13T10:15:21
HDFC,INE001A01036,2021-07-13,NSE,EQ,EQ,sell,46.000000,2518.000000,26546721,1100000004419154,2021-07-13T10:15:21
ADANIPORTS,INE742F01042,2021-07-13,NSE,EQ,EQ,buy,20.000000,703.050000,1315992,1000000004500865,2021-07-13T10:27:42
